day;timestamp;product;bid_price_1;bid_volume_1;bid_price_2;bid_volume_2;bid_price_3;bid_volume_3;ask_price_1;ask_volume_1;ask_price_2;ask_volume_2;ask_price_3;ask_volume_3;mid_price;profit_and_loss
-2;0;INTARIAN_PEPPER_ROOT;9992;17;;;;;10005;9;10008;17;;;9998.5;0.0
-2;0;ASH_COATED_OSMIUM;;;;;;;10010;25;;;;;10010.0;0.0
-2;100;INTARIAN_PEPPER_ROOT;9995;11;9992;16;;;10006;11;10008;16;;;10000.3;0.0
-2;100;ASH_COATED_OSMIUM;9992;15;;;;;10008;15;10011;20;;;10000.0;0.0
-2;200;INTARIAN_PEPPER_ROOT;9995;12;;;;;10008;20;;;;;10001.2;0.0
-2;200;ASH_COATED_OSMIUM;9992;15;9989;30;;;10008;15;10010;30;;;10000.0;0.0
-2;300;ASH_COATED_OSMIUM;9992;13;9989;26;;;10008;13;10010;26;;;10000.0;0.0
-2;300;INTARIAN_PEPPER_ROOT;;;;;;;10006;10;10008;21;;;10005.5;0.0
-2;400;ASH_COATED_OSMIUM;9992;15;;;;;10008;15;10010;20;;;10000.0;0.0
-2;400;INTARIAN_PEPPER_ROOT;9991;20;;;;;10005;12;10007;20;;;9998.4;0.0
-2;500;INTARIAN_PEPPER_ROOT;9994;12;9992;16;;;10005;12;10007;16;;;9999.7;0.0
-2;500;ASH_COATED_OSMIUM;9992;13;9989;30;;;10008;13;10010;30;;;10000.0;0.0
-2;600;ASH_COATED_OSMIUM;9989;30;;;;;10010;30;;;;;9999.5;0.0
-2;600;INTARIAN_PEPPER_ROOT;9994;11;9992;16;;;10008;16;;;;;10001.1;0.0
-2;700;ASH_COATED_OSMIUM;9990;27;;;;;10011;27;;;;;10000.5;0.0
-2;700;INTARIAN_PEPPER_ROOT;9994;12;9992;17;;;10005;12;10008;17;;;9999.4;0.0
-2;800;ASH_COATED_OSMIUM;9993;15;;;;;10011;21;;;;;10002.0;0.0
-2;800;INTARIAN_PEPPER_ROOT;9992;23;;;;;10005;9;;;;;9998.3;0.0
-2;900;INTARIAN_PEPPER_ROOT;9994;11;9992;24;;;10005;11;10008;24;;;9999.1;0.0
-2;900;ASH_COATED_OSMIUM;9993;13;9990;30;;;9998;8;10009;13;10011;30;9995.5;0.0
-2;1000;ASH_COATED_OSMIUM;9990;22;;;;;10009;15;10011;22;;;9999.5;0.0
-2;1000;INTARIAN_PEPPER_ROOT;9993;11;9991;24;;;10004;11;10007;24;;;9999.0;0.0
-2;1100;ASH_COATED_OSMIUM;9993;10;;;;;10009;10;10011;25;;;10001.0;0.0
-2;1100;INTARIAN_PEPPER_ROOT;;;;;;;10001;8;10007;21;;;10001.3;0.0
-2;1200;INTARIAN_PEPPER_ROOT;9991;21;;;;;10005;10;;;;;9998.2;0.0
-2;1200;ASH_COATED_OSMIUM;;;;;;;10009;10;10011;27;;;10009.0;0.0
-2;1300;INTARIAN_PEPPER_ROOT;9994;9;9991;16;;;10005;9;10007;16;;;9999.5;0.0
-2;1300;ASH_COATED_OSMIUM;9993;10;9991;23;;;10012;23;;;;;10002.5;0.0
-2;1400;INTARIAN_PEPPER_ROOT;9994;10;9991;18;;;10005;10;10007;18;;;9999.4;0.0
-2;1400;ASH_COATED_OSMIUM;9993;13;9991;26;;;10009;13;10012;26;;;10001.0;0.0
-2;1500;ASH_COATED_OSMIUM;9994;12;9991;25;;;10010;12;10012;25;;;10002.0;0.0
-2;1500;INTARIAN_PEPPER_ROOT;9994;9;9991;23;;;10005;9;;;;;9999.2;0.0
-2;1600;INTARIAN_PEPPER_ROOT;9992;24;;;;;10005;8;;;;;9998.1;0.0
-2;1600;ASH_COATED_OSMIUM;9994;15;9991;23;;;;;;;;;9994.0;0.0
-2;1700;INTARIAN_PEPPER_ROOT;9993;9;9991;18;;;10004;9;;;;;9998.9;0.0
-2;1700;ASH_COATED_OSMIUM;9999;3;9994;12;9991;28;10010;12;10012;28;;;10004.5;0.0
-2;1800;INTARIAN_PEPPER_ROOT;9993;12;9991;23;;;10004;12;10007;23;;;9998.8;0.0
-2;1800;ASH_COATED_OSMIUM;9994;14;9991;24;;;10010;14;10012;24;;;10002.0;0.0
-2;1900;ASH_COATED_OSMIUM;9994;11;9991;25;;;10010;11;10012;25;;;10002.0;0.0
-2;1900;INTARIAN_PEPPER_ROOT;9993;8;9991;17;;;10007;17;;;;;10000.1;0.0
-2;2000;INTARIAN_PEPPER_ROOT;9991;17;;;;;10005;11;10007;17;;;9998.0;0.0
-2;2000;ASH_COATED_OSMIUM;9991;30;;;;;10010;10;10012;30;;;10000.5;0.0
-2;2100;INTARIAN_PEPPER_ROOT;9994;10;;;;;10007;20;;;;;10000.3;0.0
-2;2100;ASH_COATED_OSMIUM;9994;13;9992;20;;;10010;13;;;;;10002.0;0.0
-2;2200;INTARIAN_PEPPER_ROOT;9991;19;;;;;10005;12;10007;19;;;9997.7;0.0
-2;2200;ASH_COATED_OSMIUM;9994;14;;;;;10010;14;10013;25;;;10002.0;0.0
-2;2300;INTARIAN_PEPPER_ROOT;9991;22;;;;;10005;12;;;;;9997.5;0.0
-2;2300;ASH_COATED_OSMIUM;10000;5;9995;11;9992;28;10011;11;10013;28;;;10005.5;0.0
-2;2400;ASH_COATED_OSMIUM;9992;30;;;;;10011;13;10013;30;;;10001.5;0.0
-2;2400;INTARIAN_PEPPER_ROOT;9993;9;9990;18;;;10004;9;10006;18;;;9998.9;0.0
-2;2500;INTARIAN_PEPPER_ROOT;9993;9;;;;;10004;9;10007;18;;;9998.7;0.0
-2;2500;ASH_COATED_OSMIUM;9992;21;;;;;10011;14;;;;;10001.5;0.0
-2;2600;INTARIAN_PEPPER_ROOT;9991;15;;;;;10004;8;10007;15;;;9997.6;0.0
-2;2600;ASH_COATED_OSMIUM;9995;15;9992;21;;;10011;15;;;;;10003.0;0.0
-2;2700;INTARIAN_PEPPER_ROOT;9993;10;9991;16;;;10007;16;;;;;9999.9;0.0
-2;2700;ASH_COATED_OSMIUM;9995;15;9992;26;;;10013;26;;;;;10004.0;0.0
-2;2800;ASH_COATED_OSMIUM;9995;13;;;;;10011;13;10013;28;;;10003.0;0.0
-2;2800;INTARIAN_PEPPER_ROOT;9993;10;9991;21;;;10004;10;;;;;9998.3;0.0
-2;2900;INTARIAN_PEPPER_ROOT;9993;8;9991;21;;;10004;8;10007;21;;;9998.1;0.0
-2;2900;ASH_COATED_OSMIUM;9995;15;9993;30;;;10011;15;10014;30;;;10003.0;0.0
-2;3000;INTARIAN_PEPPER_ROOT;9992;8;9990;19;;;10004;8;10006;19;;;9998.5;0.0
-2;3000;ASH_COATED_OSMIUM;9993;26;;;;;10011;12;10014;26;;;10002.0;0.0
-2;3100;INTARIAN_PEPPER_ROOT;9993;9;;;;;10006;19;;;;;9999.8;0.0
-2;3100;ASH_COATED_OSMIUM;9996;12;;;;;10012;12;10014;23;;;10004.0;0.0
-2;3200;ASH_COATED_OSMIUM;9996;11;9993;26;;;10014;26;;;;;10005.0;0.0
-2;3200;INTARIAN_PEPPER_ROOT;9990;22;;;;;10006;22;;;;;9998.2;0.0
-2;3300;INTARIAN_PEPPER_ROOT;9993;10;9990;19;;;10004;10;;;;;9998.5;0.0
-2;3300;ASH_COATED_OSMIUM;9996;15;9993;20;;;10012;15;10014;20;;;10004.0;0.0
-2;3400;INTARIAN_PEPPER_ROOT;9993;9;9990;21;;;10004;9;10006;21;;;9998.4;0.0
-2;3400;ASH_COATED_OSMIUM;9996;10;9993;22;;;10012;10;;;;;10004.0;0.0
-2;3500;INTARIAN_PEPPER_ROOT;9993;11;;;;;10007;23;;;;;9999.7;0.0
-2;3500;ASH_COATED_OSMIUM;9993;29;;;;;10012;10;10014;29;;;10002.5;0.0
-2;3600;ASH_COATED_OSMIUM;9996;10;9993;26;;;10012;10;;;;;10004.0;0.0
-2;3600;INTARIAN_PEPPER_ROOT;9993;12;9991;19;;;10004;12;10007;19;;;9998.1;0.0
-2;3700;ASH_COATED_OSMIUM;9993;25;;;;;10011;11;;;;;10002.0;0.0
-2;3700;INTARIAN_PEPPER_ROOT;9992;9;;;;;10003;9;10006;17;;;9997.9;0.0
-2;3800;INTARIAN_PEPPER_ROOT;9992;8;9990;20;;;10006;20;;;;;9999.3;0.0
-2;3800;ASH_COATED_OSMIUM;9995;11;9993;27;;;10011;11;10014;27;;;10003.0;0.0
-2;3900;ASH_COATED_OSMIUM;9995;14;9993;25;;;10011;14;10014;25;;;10003.0;0.0
-2;3900;INTARIAN_PEPPER_ROOT;9992;11;;;;;10003;11;10006;15;;;9997.6;0.0
-2;4000;ASH_COATED_OSMIUM;9996;10;9994;27;;;10012;10;10015;27;;;10004.0;0.0
-2;4000;INTARIAN_PEPPER_ROOT;10001;7;9992;11;9990;20;10004;11;10006;20;;;10002.5;0.0
-2;4100;ASH_COATED_OSMIUM;9994;28;;;;;10013;12;;;;;10003.5;0.0
-2;4100;INTARIAN_PEPPER_ROOT;9993;12;9990;17;;;;;;;;;9992.8;0.0
-2;4200;INTARIAN_PEPPER_ROOT;9990;16;;;;;10006;16;;;;;9997.7;0.0
-2;4200;ASH_COATED_OSMIUM;9994;23;;;;;10015;23;;;;;10004.5;0.0
-2;4300;ASH_COATED_OSMIUM;9997;13;9994;26;;;10015;26;;;;;10006.0;0.0
-2;4300;INTARIAN_PEPPER_ROOT;;;;;;;10004;11;10006;25;;;10003.5;0.0
-2;4400;ASH_COATED_OSMIUM;9997;11;9994;28;;;10015;28;;;;;10006.0;0.0
-2;4400;INTARIAN_PEPPER_ROOT;9989;17;;;;;10003;9;10005;17;;;9996.4;0.0
-2;4500;INTARIAN_PEPPER_ROOT;9992;8;9989;18;;;10003;8;10006;18;;;9997.7;0.0
-2;4500;ASH_COATED_OSMIUM;9997;12;9994;29;;;10013;12;10015;29;;;10005.0;0.0
-2;4600;INTARIAN_PEPPER_ROOT;9992;8;9990;19;;;10003;8;10006;19;;;9997.6;0.0
-2;4600;ASH_COATED_OSMIUM;9997;11;9995;29;;;10016;29;;;;;10006.5;0.0
-2;4700;INTARIAN_PEPPER_ROOT;9992;8;9990;15;;;10006;15;;;;;9998.9;0.0
-2;4700;ASH_COATED_OSMIUM;;;;;;;10013;11;10016;29;;;10013.0;0.0
-2;4800;ASH_COATED_OSMIUM;9995;24;;;;;10007;3;10013;14;10016;24;10001.0;0.0
-2;4800;INTARIAN_PEPPER_ROOT;9992;9;9990;17;;;10003;9;10006;17;;;9997.3;0.0
-2;4900;ASH_COATED_OSMIUM;9997;15;9995;22;;;10013;15;10016;22;;;10005.0;0.0
-2;4900;INTARIAN_PEPPER_ROOT;9990;24;;;;;10003;9;10006;24;;;9996.1;0.0
-2;5000;INTARIAN_PEPPER_ROOT;9991;9;;;;;10003;9;;;;;9997.5;0.0
-2;5000;ASH_COATED_OSMIUM;9997;15;9994;20;;;10013;15;10015;20;;;10005.0;0.0
-2;5100;ASH_COATED_OSMIUM;9997;11;9994;29;;;10013;11;10015;29;;;10005.0;0.0
-2;5100;INTARIAN_PEPPER_ROOT;9992;10;9989;21;;;9999;7;10003;10;10005;21;9995.8;0.0
-2;5200;ASH_COATED_OSMIUM;9994;25;;;;;10013;12;10015;25;;;10003.5;0.0
-2;5200;INTARIAN_PEPPER_ROOT;9992;11;9989;15;;;9994;5;10003;11;10005;15;9993.2;0.0
-2;5300;ASH_COATED_OSMIUM;10002;4;9994;22;;;10012;15;10015;22;;;10007.0;0.0
-2;5300;INTARIAN_PEPPER_ROOT;9992;11;9989;24;;;10003;11;10005;24;;;9997.5;0.0
-2;5400;INTARIAN_PEPPER_ROOT;9992;9;;;;;10003;9;;;;;9997.4;0.0
-2;5400;ASH_COATED_OSMIUM;9994;29;;;;;10013;15;;;;;10003.5;0.0
-2;5500;ASH_COATED_OSMIUM;9996;13;9994;28;;;10012;13;10015;28;;;10004.0;0.0
-2;5500;INTARIAN_PEPPER_ROOT;9989;24;;;;;10003;10;;;;;9995.7;0.0
-2;5600;ASH_COATED_OSMIUM;9996;15;;;;;;;;;;;9996.0;0.0
-2;5600;INTARIAN_PEPPER_ROOT;9992;10;;;;;10003;10;10006;19;;;9997.1;0.0
-2;5700;INTARIAN_PEPPER_ROOT;9991;9;9989;21;;;10002;9;10005;21;;;9996.9;0.0
-2;5700;ASH_COATED_OSMIUM;9996;12;9993;29;;;10012;12;;;;;10004.0;0.0
-2;5800;INTARIAN_PEPPER_ROOT;9991;10;;;;;;;;;;;9991.3;0.0
-2;5800;ASH_COATED_OSMIUM;10001;5;9996;15;9993;26;10012;15;10014;26;;;10006.5;0.0
-2;5900;INTARIAN_PEPPER_ROOT;9991;12;9989;20;;;10002;12;10005;20;;;9996.6;0.0
-2;5900;ASH_COATED_OSMIUM;9996;13;9994;28;;;10015;28;;;;;10005.5;0.0
-2;6000;ASH_COATED_OSMIUM;9996;10;9994;21;;;10006;2;10012;10;10015;21;10001.0;0.0
-2;6000;INTARIAN_PEPPER_ROOT;9989;23;;;;;10003;12;10005;23;;;9996.0;0.0
-2;6100;INTARIAN_PEPPER_ROOT;9992;12;;;;;10003;12;10005;17;;;9997.3;0.0
-2;6100;ASH_COATED_OSMIUM;9997;11;9994;26;;;10013;11;10015;26;;;10005.0;0.0
-2;6200;INTARIAN_PEPPER_ROOT;9992;8;9989;18;;;10003;8;10005;18;;;9997.2;0.0
-2;6200;ASH_COATED_OSMIUM;9997;12;9994;23;;;10013;12;10015;23;;;10005.0;0.0
-2;6300;INTARIAN_PEPPER_ROOT;9992;12;9989;17;;;10003;12;10005;17;;;9997.0;0.0
-2;6300;ASH_COATED_OSMIUM;9996;13;9993;26;;;10012;13;10014;26;;;10004.0;0.0
-2;6400;ASH_COATED_OSMIUM;9996;13;9993;26;;;10012;13;10014;26;;;10004.0;0.0
-2;6400;INTARIAN_PEPPER_ROOT;9991;8;;;;;10002;8;10004;23;;;9996.9;0.0
-2;6500;INTARIAN_PEPPER_ROOT;9991;10;9988;19;;;10002;10;10005;19;;;9996.7;0.0
-2;6500;ASH_COATED_OSMIUM;9993;21;;;;;;;;;;;9993.0;0.0
-2;6600;INTARIAN_PEPPER_ROOT;9989;21;;;;;10002;8;10005;21;;;9995.6;0.0
-2;6600;ASH_COATED_OSMIUM;9996;13;9993;23;;;10012;13;10014;23;;;10004.0;0.0
-2;6700;ASH_COATED_OSMIUM;9996;14;9993;27;;;10012;14;10014;27;;;10004.0;0.0
-2;6700;INTARIAN_PEPPER_ROOT;;;;;;;10002;8;10005;20;;;10001.9;0.0
-2;6800;ASH_COATED_OSMIUM;9996;14;9993;23;;;10012;14;10014;23;;;10004.0;0.0
-2;6800;INTARIAN_PEPPER_ROOT;9991;8;9989;21;;;10002;8;10005;21;;;9996.3;0.0
-2;6900;ASH_COATED_OSMIUM;9995;13;9993;28;;;10014;28;;;;;10004.5;0.0
-2;6900;INTARIAN_PEPPER_ROOT;9991;12;9989;15;;;10002;12;10005;15;;;9996.1;0.0
-2;7000;INTARIAN_PEPPER_ROOT;9990;12;;;;;10002;12;10004;25;;;9996.5;0.0
-2;7000;ASH_COATED_OSMIUM;9995;14;9993;24;;;10011;14;;;;;10003.0;0.0
-2;7100;ASH_COATED_OSMIUM;9995;11;9993;26;;;10011;11;;;;;10003.0;0.0
-2;7100;INTARIAN_PEPPER_ROOT;9991;11;9988;17;;;10002;11;10004;17;;;9996.8;0.0
-2;7200;ASH_COATED_OSMIUM;9993;26;;;;;10012;14;10014;26;;;10002.5;0.0
-2;7200;INTARIAN_PEPPER_ROOT;9991;9;9988;20;;;10002;9;10004;20;;;9996.7;0.0
-2;7300;ASH_COATED_OSMIUM;9996;11;9993;27;;;10012;11;10014;27;;;10004.0;0.0
-2;7300;INTARIAN_PEPPER_ROOT;9991;8;9988;23;;;10002;8;10004;23;;;9996.5;0.0
-2;7400;INTARIAN_PEPPER_ROOT;9991;10;9988;24;;;10004;24;;;;;9997.4;0.0
-2;7400;ASH_COATED_OSMIUM;9996;11;9994;28;;;10012;11;10015;28;;;10004.0;0.0
-2;7500;ASH_COATED_OSMIUM;9997;10;;;;;10013;10;;;;;10005.0;0.0
-2;7500;INTARIAN_PEPPER_ROOT;;;;;;;10002;8;10005;24;;;10001.7;0.0
-2;7600;ASH_COATED_OSMIUM;9997;13;9994;28;;;10015;28;;;;;10006.0;0.0
-2;7600;INTARIAN_PEPPER_ROOT;9991;8;9989;18;;;10002;8;10005;18;;;9996.1;0.0
-2;7700;ASH_COATED_OSMIUM;9994;25;;;;;10013;13;10015;25;;;10003.5;0.0
-2;7700;INTARIAN_PEPPER_ROOT;9990;8;9988;22;;;10001;8;10004;22;;;9995.9;0.0
-2;7800;INTARIAN_PEPPER_ROOT;9990;8;9988;18;;;10001;8;10004;18;;;9995.8;0.0
-2;7800;ASH_COATED_OSMIUM;10002;4;9996;14;9994;21;10015;21;;;;;10008.5;0.0
-2;7900;ASH_COATED_OSMIUM;9996;13;;;;;10012;13;;;;;10004.0;0.0
-2;7900;INTARIAN_PEPPER_ROOT;9990;10;9988;18;;;10001;10;10004;18;;;9995.6;0.0
-2;8000;ASH_COATED_OSMIUM;10006;6;9994;23;;;10013;15;10015;23;;;10009.5;0.0
-2;8000;INTARIAN_PEPPER_ROOT;;;;;;;10002;8;10004;25;;;10002.0;0.0
-2;8100;ASH_COATED_OSMIUM;9997;15;9994;20;;;10013;15;;;;;10005.0;0.0
-2;8100;INTARIAN_PEPPER_ROOT;9988;20;;;;;10002;12;10004;20;;;9994.8;0.0
-2;8200;ASH_COATED_OSMIUM;9994;30;;;;;10015;30;;;;;10004.5;0.0
-2;8200;INTARIAN_PEPPER_ROOT;9991;8;9988;24;;;10002;8;10004;24;;;9996.2;0.0
-2;8300;INTARIAN_PEPPER_ROOT;9991;8;9988;17;;;10002;8;10004;17;;;9996.0;0.0
-2;8300;ASH_COATED_OSMIUM;9997;14;9994;27;;;10015;27;;;;;10006.0;0.0
-2;8400;ASH_COATED_OSMIUM;9997;10;9994;25;;;10013;10;10015;25;;;10005.0;0.0
-2;8400;INTARIAN_PEPPER_ROOT;9990;9;9987;15;;;10001;9;10003;15;;;9995.9;0.0
-2;8500;ASH_COATED_OSMIUM;9997;12;9995;23;;;10013;12;10016;23;;;10005.0;0.0
-2;8500;INTARIAN_PEPPER_ROOT;9990;8;9987;21;;;10001;8;;;;;9995.7;0.0
-2;8600;ASH_COATED_OSMIUM;9995;27;;;;;10013;13;10016;27;;;10004.0;0.0
-2;8600;INTARIAN_PEPPER_ROOT;9990;10;9988;25;;;10004;25;;;;;9997.1;0.0
-2;8700;INTARIAN_PEPPER_ROOT;9990;11;;;;;10001;11;;;;;9995.4;0.0
-2;8700;ASH_COATED_OSMIUM;9997;10;9995;22;;;10013;10;10016;22;;;10005.0;0.0
-2;8800;ASH_COATED_OSMIUM;9997;13;9995;20;;;10013;13;;;;;10005.0;0.0
-2;8800;INTARIAN_PEPPER_ROOT;9990;12;9988;19;;;10001;12;10004;19;;;9995.3;0.0
-2;8900;ASH_COATED_OSMIUM;10003;2;9997;12;;;10013;12;10016;26;;;10008.0;0.0
-2;8900;INTARIAN_PEPPER_ROOT;9990;11;;;;;10001;11;;;;;9995.1;0.0
-2;9000;INTARIAN_PEPPER_ROOT;9989;11;9987;20;;;;;;;;;9989.5;0.0
-2;9000;ASH_COATED_OSMIUM;9998;10;9995;29;;;10014;10;10016;29;;;10006.0;0.0
-2;9100;INTARIAN_PEPPER_ROOT;9990;9;9987;18;;;10001;9;10003;18;;;9995.8;0.0
-2;9100;ASH_COATED_OSMIUM;9996;24;;;;;10017;24;;;;;10006.5;0.0
-2;9200;INTARIAN_PEPPER_ROOT;9990;10;9987;20;;;10003;20;;;;;9996.7;0.0
-2;9200;ASH_COATED_OSMIUM;9998;10;9996;28;;;10014;10;;;;;10006.0;0.0
-2;9300;ASH_COATED_OSMIUM;9998;11;9995;26;;;10014;11;10016;26;;;10006.0;0.0
-2;9300;INTARIAN_PEPPER_ROOT;9990;10;9987;15;;;10001;10;10003;15;;;9995.5;0.0
-2;9400;ASH_COATED_OSMIUM;9996;25;;;;;10015;11;10017;25;;;10005.5;0.0
-2;9400;INTARIAN_PEPPER_ROOT;9990;9;9987;19;;;;;;;;;9989.9;0.0
-2;9500;INTARIAN_PEPPER_ROOT;9987;16;;;;;10001;10;10004;16;;;9993.7;0.0
-2;9500;ASH_COATED_OSMIUM;9999;12;9996;23;;;10015;12;10017;23;;;10007.0;0.0
-2;9600;ASH_COATED_OSMIUM;9999;10;9997;29;;;10015;10;10018;29;;;10007.0;0.0
-2;9600;INTARIAN_PEPPER_ROOT;9988;20;;;;;10001;9;10004;20;;;9994.1;0.0
-2;9700;ASH_COATED_OSMIUM;10000;13;9997;28;;;10016;13;10018;28;;;10008.0;0.0
-2;9700;INTARIAN_PEPPER_ROOT;9989;9;9987;25;;;10000;9;10003;25;;;9994.9;0.0
-2;9800;ASH_COATED_OSMIUM;10000;15;9997;23;;;10016;15;10018;23;;;10008.0;0.0
-2;9800;INTARIAN_PEPPER_ROOT;9989;9;9987;21;;;10000;9;10003;21;;;9994.8;0.0
-2;9900;INTARIAN_PEPPER_ROOT;;;;;;;10000;8;;;;;10000.1;0.0
-2;9900;ASH_COATED_OSMIUM;10000;14;9998;25;;;10016;14;10019;25;;;10008.0;0.0
-2;10000;INTARIAN_PEPPER_ROOT;9989;8;9987;24;;;10001;8;10003;24;;;9995.0;0.0
-2;10000;ASH_COATED_OSMIUM;9997;30;;;;;10016;11;10018;30;;;10006.5;0.0
-2;10100;ASH_COATED_OSMIUM;10000;10;;;;;10016;10;10019;25;;;10008.0;0.0
-2;10100;INTARIAN_PEPPER_ROOT;9990;8;9987;16;;;10001;8;10003;16;;;9995.3;0.0
-2;10200;INTARIAN_PEPPER_ROOT;9990;11;;;;;10001;11;10003;17;;;9995.2;0.0
-2;10200;ASH_COATED_OSMIUM;10000;13;9998;29;;;10016;13;10019;29;;;10008.0;0.0
-2;10300;INTARIAN_PEPPER_ROOT;9990;9;9987;16;;;10003;16;;;;;9996.0;0.0
-2;10300;ASH_COATED_OSMIUM;10001;13;9998;23;;;10017;13;10019;23;;;10009.0;0.0
-2;10400;INTARIAN_PEPPER_ROOT;9992;11;9989;9;;;10000;9;10002;16;;;9996.4;0.0
-2;10400;ASH_COATED_OSMIUM;10007;5;10001;10;;;10017;10;10020;22;;;10012.0;0.0
-2;10500;ASH_COATED_OSMIUM;10002;10;9999;20;;;10018;10;10020;20;;;10010.0;0.0
-2;10500;INTARIAN_PEPPER_ROOT;9997;5;9989;9;9986;22;10000;9;10003;22;;;9998.7;0.0
-2;10600;INTARIAN_PEPPER_ROOT;9989;9;9987;22;;;10000;9;10003;22;;;9994.6;0.0
-2;10600;ASH_COATED_OSMIUM;10001;13;9999;29;;;10020;29;;;;;10010.5;0.0
-2;10700;INTARIAN_PEPPER_ROOT;9989;12;;;;;10000;12;10003;18;;;9994.4;0.0
-2;10700;ASH_COATED_OSMIUM;9998;29;;;;;10016;14;10019;29;;;10007.0;0.0
-2;10800;INTARIAN_PEPPER_ROOT;9989;12;9987;21;;;10003;21;;;;;9995.8;0.0
-2;10800;ASH_COATED_OSMIUM;10000;11;9998;22;;;10016;11;10019;22;;;10008.0;0.0
-2;10900;ASH_COATED_OSMIUM;10001;15;9998;21;;;10019;21;;;;;10010.0;0.0
-2;10900;INTARIAN_PEPPER_ROOT;9989;11;9987;22;;;10003;22;;;;;9995.6;0.0
-2;11000;INTARIAN_PEPPER_ROOT;9988;9;9986;17;;;10000;9;;;;;9994.5;0.0
-2;11000;ASH_COATED_OSMIUM;10001;13;9998;27;;;10017;13;10019;27;;;10009.0;0.0
-2;11100;INTARIAN_PEPPER_ROOT;9989;12;9986;15;;;10000;12;10002;15;;;9994.8;0.0
-2;11100;ASH_COATED_OSMIUM;10001;11;;;;;10017;11;10019;29;;;10009.0;0.0
-2;11200;INTARIAN_PEPPER_ROOT;9989;8;;;;;10000;8;;;;;9994.7;0.0
-2;11200;ASH_COATED_OSMIUM;10001;10;9998;20;;;10017;10;10019;20;;;10009.0;0.0
-2;11300;INTARIAN_PEPPER_ROOT;9989;10;9986;21;;;9991;3;10000;10;10002;21;9990.0;0.0
-2;11300;ASH_COATED_OSMIUM;10000;12;9998;21;;;10016;12;10019;21;;;10008.0;0.0
-2;11400;ASH_COATED_OSMIUM;10000;12;9998;30;;;10016;12;10019;30;;;10008.0;0.0
-2;11400;INTARIAN_PEPPER_ROOT;9989;12;;;;;10002;15;;;;;9995.4;0.0
-2;11500;INTARIAN_PEPPER_ROOT;9989;8;9986;23;;;10000;8;10003;23;;;9994.2;0.0
-2;11500;ASH_COATED_OSMIUM;10001;13;9998;24;;;10019;24;;;;;10010.0;0.0
-2;11600;INTARIAN_PEPPER_ROOT;9989;9;9987;21;;;10000;9;10003;21;;;9994.1;0.0
-2;11600;ASH_COATED_OSMIUM;10006;5;;;;;10017;12;10019;30;;;10011.5;0.0
-2;11700;INTARIAN_PEPPER_ROOT;9988;10;;;;;9999;10;10002;19;;;9993.9;0.0
-2;11700;ASH_COATED_OSMIUM;;;;;;;10016;13;;;;;10016.0;0.0
-2;11800;ASH_COATED_OSMIUM;10000;10;9998;29;;;10016;10;10019;29;;;10008.0;0.0
-2;11800;INTARIAN_PEPPER_ROOT;9988;8;9986;21;;;9999;8;10002;21;;;9993.8;0.0
-2;11900;INTARIAN_PEPPER_ROOT;9991;12;9988;8;;;9999;8;10002;21;;;9995.1;0.0
-2;11900;ASH_COATED_OSMIUM;10000;14;9998;22;;;10016;14;10019;22;;;10008.0;0.0
-2;12000;INTARIAN_PEPPER_ROOT;9988;9;;;;;10000;9;10002;20;;;9994.0;0.0
-2;12000;ASH_COATED_OSMIUM;9997;28;;;;;10016;13;10018;28;;;10006.5;0.0
-2;12100;INTARIAN_PEPPER_ROOT;9989;11;9986;21;;;10000;11;;;;;9994.3;0.0
-2;12100;ASH_COATED_OSMIUM;9998;21;;;;;10019;21;;;;;10008.5;0.0
-2;12200;ASH_COATED_OSMIUM;10000;13;;;;;10016;13;10019;23;;;10008.0;0.0
-2;12200;INTARIAN_PEPPER_ROOT;9989;9;9986;21;;;10000;9;;;;;9994.2;0.0
-2;12300;INTARIAN_PEPPER_ROOT;9989;11;9986;18;;;10000;11;;;;;9994.0;0.0
-2;12300;ASH_COATED_OSMIUM;10000;11;;;;;10016;11;;;;;10008.0;0.0
-2;12400;INTARIAN_PEPPER_ROOT;9985;24;;;;;9999;12;10001;24;;;9992.4;0.0
-2;12400;ASH_COATED_OSMIUM;10006;2;10000;15;9998;25;10016;15;10019;25;;;10011.0;0.0
-2;12500;INTARIAN_PEPPER_ROOT;;;;;;;9999;11;10002;23;;;9999.2;0.0
-2;12500;ASH_COATED_OSMIUM;10000;13;9998;28;;;10019;28;;;;;10009.5;0.0
-2;12600;ASH_COATED_OSMIUM;10000;15;;;;;10019;26;;;;;10009.5;0.0
-2;12600;INTARIAN_PEPPER_ROOT;9988;12;9986;16;;;9999;12;10002;16;;;9993.6;0.0
-2;12700;ASH_COATED_OSMIUM;10000;13;9998;22;;;10016;13;10019;22;;;10008.0;0.0
-2;12700;INTARIAN_PEPPER_ROOT;;;;;;;9999;12;;;;;9998.9;0.0
-2;12800;INTARIAN_PEPPER_ROOT;9988;12;9986;17;;;9999;12;10002;17;;;9993.3;0.0
-2;12800;ASH_COATED_OSMIUM;10001;14;9998;20;;;10017;14;10019;20;;;10009.0;0.0
-2;12900;ASH_COATED_OSMIUM;10001;10;9999;20;;;;;;;;;10001.0;0.0
-2;12900;INTARIAN_PEPPER_ROOT;9986;20;;;;;9999;10;10002;20;;;9992.1;0.0
-2;13000;ASH_COATED_OSMIUM;10001;15;9998;30;;;10017;15;10019;30;;;10009.0;0.0
-2;13000;INTARIAN_PEPPER_ROOT;9987;10;;;;;9999;10;10001;25;;;9993.5;0.0
-2;13100;ASH_COATED_OSMIUM;10006;2;;;;;10017;10;10019;21;;;10011.5;0.0
-2;13100;INTARIAN_PEPPER_ROOT;9988;8;9985;25;;;9999;8;10001;25;;;9993.8;0.0
-2;13200;INTARIAN_PEPPER_ROOT;9988;11;;;;;10001;23;;;;;9994.7;0.0
-2;13200;ASH_COATED_OSMIUM;10000;12;9998;22;;;10016;12;10019;22;;;10008.0;0.0
-2;13300;INTARIAN_PEPPER_ROOT;9988;10;9985;21;;;9999;10;10001;21;;;9993.5;0.0
-2;13300;ASH_COATED_OSMIUM;10001;11;9998;27;;;10017;11;10019;27;;;10009.0;0.0
-2;13400;ASH_COATED_OSMIUM;10000;15;9998;27;;;10016;15;10019;27;;;10008.0;0.0
-2;13400;INTARIAN_PEPPER_ROOT;9985;21;;;;;9999;9;10001;21;;;9991.9;0.0
-2;13500;INTARIAN_PEPPER_ROOT;9988;10;9985;16;;;9999;10;10002;16;;;9993.2;0.0
-2;13500;ASH_COATED_OSMIUM;10001;14;9998;27;;;10017;14;;;;;10009.0;0.0
-2;13600;INTARIAN_PEPPER_ROOT;9988;12;9986;25;;;9999;12;10002;25;;;9993.1;0.0
-2;13600;ASH_COATED_OSMIUM;10001;13;9999;24;;;10017;13;10020;24;;;10009.0;0.0
-2;13700;ASH_COATED_OSMIUM;10001;14;9998;20;;;10017;14;10019;20;;;10009.0;0.0
-2;13700;INTARIAN_PEPPER_ROOT;9987;9;9985;22;;;9998;9;;;;;9992.9;0.0
-2;13800;ASH_COATED_OSMIUM;9998;22;;;;;10017;13;10019;22;;;10007.5;0.0
-2;13800;INTARIAN_PEPPER_ROOT;9987;12;9985;24;;;9998;12;10001;24;;;9992.8;0.0
-2;13900;ASH_COATED_OSMIUM;10001;14;9999;20;;;10017;14;10020;20;;;10009.0;0.0
-2;13900;INTARIAN_PEPPER_ROOT;9985;15;;;;;9998;9;10001;15;;;9991.6;0.0
-2;14000;INTARIAN_PEPPER_ROOT;9987;11;9985;16;;;10001;16;;;;;9994.0;0.0
-2;14000;ASH_COATED_OSMIUM;10001;14;9999;25;;;10017;14;;;;;10009.0;0.0
-2;14100;ASH_COATED_OSMIUM;10002;12;9999;25;;;10020;25;;;;;10011.0;0.0
-2;14100;INTARIAN_PEPPER_ROOT;9988;12;9985;22;;;9999;12;10001;22;;;9993.3;0.0
-2;14200;ASH_COATED_OSMIUM;10001;10;9999;23;;;10017;10;;;;;10009.0;0.0
-2;14200;INTARIAN_PEPPER_ROOT;9988;9;9985;18;;;9999;9;10001;18;;;9993.2;0.0
-2;14300;ASH_COATED_OSMIUM;10001;14;9999;23;;;10017;14;;;;;10009.0;0.0
-2;14300;INTARIAN_PEPPER_ROOT;9988;8;9985;23;;;9999;8;10001;23;;;9993.0;0.0
-2;14400;INTARIAN_PEPPER_ROOT;9984;17;;;;;10000;17;;;;;9992.4;0.0
-2;14400;ASH_COATED_OSMIUM;10001;14;;;;;10017;14;;;;;10009.0;0.0
-2;14500;INTARIAN_PEPPER_ROOT;9987;8;9984;17;;;10001;17;;;;;9994.2;0.0
-2;14500;ASH_COATED_OSMIUM;;;;;;;10017;14;10019;30;;;10017.0;0.0
-2;14600;ASH_COATED_OSMIUM;10001;15;9998;20;;;10019;20;;;;;10010.0;0.0
-2;14600;INTARIAN_PEPPER_ROOT;9987;8;9985;18;;;9998;8;;;;;9992.6;0.0
-2;14700;INTARIAN_PEPPER_ROOT;9987;10;9985;19;;;;;;;;;9986.9;0.0
-2;14700;ASH_COATED_OSMIUM;10000;15;9997;20;;;;;;;;;10000.0;0.0
-2;14800;INTARIAN_PEPPER_ROOT;9987;11;9985;25;;;9998;11;10001;25;;;9992.3;0.0
-2;14800;ASH_COATED_OSMIUM;10000;13;9997;28;;;10016;13;10018;28;;;10008.0;0.0
-2;14900;INTARIAN_PEPPER_ROOT;9987;9;9985;16;;;10001;16;;;;;9993.6;0.0
-2;14900;ASH_COATED_OSMIUM;9997;29;;;;;10016;10;;;;;10006.5;0.0
-2;15000;ASH_COATED_OSMIUM;10000;10;;;;;10016;10;10018;21;;;10008.0;0.0
-2;15000;INTARIAN_PEPPER_ROOT;9986;12;9984;25;;;9998;12;10000;25;;;9992.5;0.0
-2;15100;INTARIAN_PEPPER_ROOT;9987;8;9984;17;;;9998;8;10000;17;;;9992.8;0.0
-2;15100;ASH_COATED_OSMIUM;10000;15;9997;29;;;10016;15;10018;29;;;10008.0;0.0
-2;15200;INTARIAN_PEPPER_ROOT;9987;9;;;;;9998;9;10000;15;;;9992.7;0.0
-2;15200;ASH_COATED_OSMIUM;9999;11;9997;28;;;10015;11;10018;28;;;10007.0;0.0
-2;15300;INTARIAN_PEPPER_ROOT;9987;10;;;;;;;;;;;9987.0;0.0
-2;15300;ASH_COATED_OSMIUM;9996;26;;;;;10015;10;10017;26;;;10005.5;0.0
-2;15400;ASH_COATED_OSMIUM;9999;13;9997;22;;;10015;13;10018;22;;;10007.0;0.0
-2;15400;INTARIAN_PEPPER_ROOT;9987;8;9984;25;;;9998;8;10000;25;;;9992.4;0.0
-2;15500;INTARIAN_PEPPER_ROOT;9987;8;;;;;9998;8;10001;18;;;9992.2;0.0
-2;15500;ASH_COATED_OSMIUM;9999;14;9996;24;;;10015;14;10017;24;;;10007.0;0.0
-2;15600;INTARIAN_PEPPER_ROOT;9987;10;9985;22;;;9998;10;10001;22;;;9992.1;0.0
-2;15600;ASH_COATED_OSMIUM;9998;15;9996;25;;;10014;15;;;;;10006.0;0.0
-2;15700;ASH_COATED_OSMIUM;9998;11;9996;29;;;10014;11;10017;29;;;10006.0;0.0
-2;15700;INTARIAN_PEPPER_ROOT;9986;10;9984;21;;;9997;10;10000;21;;;9991.9;0.0
-2;15800;ASH_COATED_OSMIUM;9998;10;;;;;10014;10;10017;20;;;10006.0;0.0
-2;15800;INTARIAN_PEPPER_ROOT;9986;11;9984;24;;;9997;11;;;;;9991.8;0.0
-2;15900;ASH_COATED_OSMIUM;9995;25;;;;;10014;12;10016;25;;;10004.5;0.0
-2;15900;INTARIAN_PEPPER_ROOT;9986;10;9984;18;;;9997;10;10000;18;;;9991.6;0.0
-2;16000;INTARIAN_PEPPER_ROOT;9984;16;;;;;9998;9;10000;16;;;9991.0;0.0
-2;16000;ASH_COATED_OSMIUM;9999;10;9996;21;;;10017;21;;;;;10008.0;0.0
-2;16100;ASH_COATED_OSMIUM;9998;14;;;;;10014;14;10017;25;;;10006.0;0.0
-2;16100;INTARIAN_PEPPER_ROOT;9987;9;;;;;9998;9;10000;16;;;9992.3;0.0
-2;16200;ASH_COATED_OSMIUM;9998;12;;;;;10014;12;10017;29;;;10006.0;0.0
-2;16200;INTARIAN_PEPPER_ROOT;9984;23;;;;;9998;8;10000;23;;;9990.7;0.0
-2;16300;ASH_COATED_OSMIUM;9998;13;9996;30;;;10014;13;10017;30;;;10006.0;0.0
-2;16300;INTARIAN_PEPPER_ROOT;9987;12;9984;22;;;9998;12;;;;;9992.0;0.0
-2;16400;INTARIAN_PEPPER_ROOT;9983;21;;;;;9997;10;9999;21;;;9990.4;0.0
-2;16400;ASH_COATED_OSMIUM;9996;27;;;;;10014;12;10017;27;;;10005.0;0.0
-2;16500;ASH_COATED_OSMIUM;9998;12;9996;26;;;10014;12;10017;26;;;10006.0;0.0
-2;16500;INTARIAN_PEPPER_ROOT;9986;10;9983;23;;;9997;10;10000;23;;;9991.7;0.0
-2;16600;ASH_COATED_OSMIUM;9996;23;;;;;10017;23;;;;;10006.5;0.0
-2;16600;INTARIAN_PEPPER_ROOT;9986;9;9984;20;;;9997;9;10000;20;;;9991.6;0.0
-2;16700;ASH_COATED_OSMIUM;9999;13;9996;24;;;10015;13;10017;24;;;10007.0;0.0
-2;16700;INTARIAN_PEPPER_ROOT;;;;;;;9997;8;;;;;9996.9;0.0
-2;16800;INTARIAN_PEPPER_ROOT;9986;10;9984;18;;;9997;10;;;;;9991.3;0.0
-2;16800;ASH_COATED_OSMIUM;9999;11;;;;;10015;11;10017;21;;;10007.0;0.0
-2;16900;ASH_COATED_OSMIUM;9996;25;;;;;10015;12;10017;25;;;10005.5;0.0
-2;16900;INTARIAN_PEPPER_ROOT;9986;10;9984;19;;;9997;10;10000;19;;;9991.1;0.0
-2;17000;ASH_COATED_OSMIUM;9996;27;;;;;10014;10;10017;27;;;10005.0;0.0
-2;17000;INTARIAN_PEPPER_ROOT;9985;9;9983;23;;;9997;9;;;;;9991.5;0.0
-2;17100;ASH_COATED_OSMIUM;9998;14;;;;;10014;14;10017;25;;;10006.0;0.0
-2;17100;INTARIAN_PEPPER_ROOT;9986;9;;;;;9997;9;9999;18;;;9991.8;0.0
-2;17200;ASH_COATED_OSMIUM;9998;14;9996;30;;;10017;30;;;;;10007.5;0.0
-2;17200;INTARIAN_PEPPER_ROOT;9986;10;9983;15;;;9997;10;9999;15;;;9991.7;0.0
-2;17300;INTARIAN_PEPPER_ROOT;9986;11;9983;16;;;9997;11;9999;16;;;9991.5;0.0
-2;17300;ASH_COATED_OSMIUM;9998;12;9996;24;;;10017;24;;;;;10007.5;0.0
-2;17400;ASH_COATED_OSMIUM;9998;10;9995;26;;;10014;10;10017;26;;;10006.0;0.0
-2;17400;INTARIAN_PEPPER_ROOT;9986;12;9983;23;;;9997;12;9999;23;;;9991.4;0.0
-2;17500;ASH_COATED_OSMIUM;9998;11;;;;;10014;11;10016;21;;;10006.0;0.0
-2;17500;INTARIAN_PEPPER_ROOT;9986;10;;;;;10000;15;;;;;9992.7;0.0
-2;17600;ASH_COATED_OSMIUM;;;;;;;10014;15;10017;29;;;10014.0;0.0
-2;17600;INTARIAN_PEPPER_ROOT;9986;8;9984;17;;;9997;8;10000;17;;;9991.1;0.0
-2;17700;INTARIAN_PEPPER_ROOT;;;;;;;9996;12;9999;19;;;9996.4;0.0
-2;17700;ASH_COATED_OSMIUM;9998;10;9996;26;;;10017;26;;;;;10007.5;0.0
-2;17800;INTARIAN_PEPPER_ROOT;9985;8;9983;20;;;9996;8;9999;20;;;9990.8;0.0
-2;17800;ASH_COATED_OSMIUM;9998;13;9996;29;;;10014;13;10017;29;;;10006.0;0.0
-2;17900;ASH_COATED_OSMIUM;;;;;;;10014;14;10017;20;;;10014.0;0.0
-2;17900;INTARIAN_PEPPER_ROOT;9985;8;9983;16;;;9996;8;9999;16;;;9990.6;0.0
-2;18000;INTARIAN_PEPPER_ROOT;9985;12;9983;24;;;9999;24;;;;;9992.0;0.0
-2;18000;ASH_COATED_OSMIUM;9998;12;9996;29;;;10014;12;10017;29;;;10006.0;0.0
-2;18100;INTARIAN_PEPPER_ROOT;9986;10;9983;21;;;9997;10;9999;21;;;9991.3;0.0
-2;18100;ASH_COATED_OSMIUM;9998;11;9996;26;;;;;;;;;9998.0;0.0
-2;18200;ASH_COATED_OSMIUM;9999;15;9996;28;;;10015;15;;;;;10007.0;0.0
-2;18200;INTARIAN_PEPPER_ROOT;9983;24;;;;;9997;11;9999;24;;;9989.7;0.0
-2;18300;ASH_COATED_OSMIUM;9999;14;9997;27;;;10018;27;;;;;10008.5;0.0
-2;18300;INTARIAN_PEPPER_ROOT;9986;10;9983;18;;;9997;10;9999;18;;;9991.0;0.0
-2;18400;ASH_COATED_OSMIUM;9999;11;9997;20;;;10018;20;;;;;10008.5;0.0
-2;18400;INTARIAN_PEPPER_ROOT;9985;9;;;;;9996;9;9998;24;;;9990.9;0.0
-2;18500;INTARIAN_PEPPER_ROOT;9985;9;9982;22;;;9996;9;9999;22;;;9990.7;0.0
-2;18500;ASH_COATED_OSMIUM;9999;15;9997;26;;;10015;15;10018;26;;;10007.0;0.0
-2;18600;ASH_COATED_OSMIUM;9999;14;9997;30;;;10015;14;10018;30;;;10007.0;0.0
-2;18600;INTARIAN_PEPPER_ROOT;9985;8;9983;17;;;9996;8;9999;17;;;9990.6;0.0
-2;18700;ASH_COATED_OSMIUM;9999;11;9997;30;;;10015;11;10018;30;;;10007.0;0.0
-2;18700;INTARIAN_PEPPER_ROOT;9985;8;9983;20;;;9996;8;9999;20;;;9990.4;0.0
-2;18800;ASH_COATED_OSMIUM;9999;13;9996;24;;;10017;24;;;;;10008.0;0.0
-2;18800;INTARIAN_PEPPER_ROOT;9985;8;9983;25;;;9996;8;;;;;9990.3;0.0
-2;18900;INTARIAN_PEPPER_ROOT;9983;18;;;;;9996;11;;;;;9989.1;0.0
-2;18900;ASH_COATED_OSMIUM;9999;10;9996;23;;;10015;10;10017;23;;;10007.0;0.0
-2;19000;INTARIAN_PEPPER_ROOT;9984;12;9982;23;;;9996;12;9998;23;;;9990.5;0.0
-2;19000;ASH_COATED_OSMIUM;9999;11;9996;23;;;10015;11;10017;23;;;10007.0;0.0
-2;19100;ASH_COATED_OSMIUM;;;;;;;10015;11;10017;23;;;10015.0;0.0
-2;19100;INTARIAN_PEPPER_ROOT;9985;8;;;;;9998;23;;;;;9991.8;0.0
-2;19200;INTARIAN_PEPPER_ROOT;9985;8;9982;16;;;9996;8;9998;16;;;9990.7;0.0
-2;19200;ASH_COATED_OSMIUM;9999;14;;;;;10015;14;10017;24;;;10007.0;0.0
-2;19300;INTARIAN_PEPPER_ROOT;9985;9;9982;18;;;9996;9;9998;18;;;9990.5;0.0
-2;19300;ASH_COATED_OSMIUM;9999;10;9997;29;;;10015;10;10018;29;;;10007.0;0.0
-2;19400;INTARIAN_PEPPER_ROOT;9985;11;;;;;9998;18;;;;;9991.4;0.0
-2;19400;ASH_COATED_OSMIUM;10000;13;9997;22;;;10016;13;10018;22;;;10008.0;0.0
-2;19500;ASH_COATED_OSMIUM;;;;;;;10016;14;10019;29;;;10016.0;0.0
-2;19500;INTARIAN_PEPPER_ROOT;9985;11;;;;;9996;11;;;;;9990.2;0.0
-2;19600;INTARIAN_PEPPER_ROOT;9985;11;9983;17;;;9996;11;9999;17;;;9990.1;0.0
-2;19600;ASH_COATED_OSMIUM;9997;21;;;;;10016;10;10018;21;;;10006.5;0.0
-2;19700;INTARIAN_PEPPER_ROOT;9984;8;9982;22;;;9995;8;;;;;9989.9;0.0
-2;19700;ASH_COATED_OSMIUM;9999;15;9996;25;;;10015;15;;;;;10007.0;0.0
-2;19800;INTARIAN_PEPPER_ROOT;9984;9;9982;24;;;9998;24;;;;;9991.3;0.0
-2;19800;ASH_COATED_OSMIUM;9998;15;9995;23;;;10014;15;10016;23;;;10006.0;0.0
-2;19900;ASH_COATED_OSMIUM;9997;12;9995;24;;;10016;24;;;;;10006.5;0.0
-2;19900;INTARIAN_PEPPER_ROOT;9984;12;9982;25;;;9995;12;9998;25;;;9989.6;0.0
-2;20000;ASH_COATED_OSMIUM;9995;28;;;;;10013;15;;;;;10004.0;0.0
-2;20000;INTARIAN_PEPPER_ROOT;9982;20;;;;;9998;20;;;;;9990.0;0.0
-2;20100;INTARIAN_PEPPER_ROOT;9985;10;9982;15;;;9996;10;9998;15;;;9990.3;0.0
-2;20100;ASH_COATED_OSMIUM;9998;15;;;;;10014;15;10017;30;;;10006.0;0.0
-2;20200;INTARIAN_PEPPER_ROOT;9985;11;9982;17;;;9996;11;9998;17;;;9990.2;0.0
-2;20200;ASH_COATED_OSMIUM;9998;12;9995;27;;;10014;12;10016;27;;;10006.0;0.0
-2;20300;INTARIAN_PEPPER_ROOT;;;;;;;9996;8;9998;20;;;9995.5;0.0
-2;20300;ASH_COATED_OSMIUM;9998;13;9995;24;;;10014;13;;;;;10006.0;0.0
-2;20400;ASH_COATED_OSMIUM;9998;12;9995;25;;;10016;25;;;;;10007.0;0.0
-2;20400;INTARIAN_PEPPER_ROOT;9984;12;9981;15;;;;;;;;;9984.4;0.0
-2;20500;INTARIAN_PEPPER_ROOT;9984;8;9981;18;;;9995;8;9998;18;;;9989.7;0.0
-2;20500;ASH_COATED_OSMIUM;9998;10;9995;24;;;10014;10;;;;;10006.0;0.0
-2;20600;INTARIAN_PEPPER_ROOT;9984;8;9982;24;;;9995;8;9998;24;;;9989.6;0.0
-2;20600;ASH_COATED_OSMIUM;9998;10;;;;;10014;10;;;;;10006.0;0.0
-2;20700;INTARIAN_PEPPER_ROOT;9984;9;9982;19;;;9998;19;;;;;9990.9;0.0
-2;20700;ASH_COATED_OSMIUM;9998;15;9996;22;;;10014;15;10017;22;;;10006.0;0.0
-2;20800;ASH_COATED_OSMIUM;9998;13;;;;;10014;13;10017;21;;;10006.0;0.0
-2;20800;INTARIAN_PEPPER_ROOT;9982;23;;;;;9995;12;9998;23;;;9988.3;0.0
-2;20900;INTARIAN_PEPPER_ROOT;9984;8;9982;16;;;9995;8;9998;16;;;9989.1;0.0
-2;20900;ASH_COATED_OSMIUM;9998;13;9996;28;;;10014;13;10017;28;;;10006.0;0.0
-2;21000;INTARIAN_PEPPER_ROOT;9983;11;9981;24;;;9997;24;;;;;9990.5;0.0
-2;21000;ASH_COATED_OSMIUM;9998;12;9996;28;;;10014;12;10017;28;;;10006.0;0.0
-2;21100;INTARIAN_PEPPER_ROOT;9984;9;9981;24;;;9995;9;9997;24;;;9989.8;0.0
-2;21100;ASH_COATED_OSMIUM;9999;15;9996;22;;;10015;15;10017;22;;;10007.0;0.0
-2;21200;ASH_COATED_OSMIUM;9997;27;;;;;10015;14;10018;27;;;10006.0;0.0
-2;21200;INTARIAN_PEPPER_ROOT;9984;12;9981;25;;;9995;12;9997;25;;;9989.7;0.0
-2;21300;INTARIAN_PEPPER_ROOT;;;;;;;9995;9;9997;23;;;9995.0;0.0
-2;21300;ASH_COATED_OSMIUM;10000;15;;;;;10016;15;10018;27;;;10008.0;0.0
-2;21400;INTARIAN_PEPPER_ROOT;9984;9;9981;20;;;9995;9;9997;20;;;9989.4;0.0
-2;21400;ASH_COATED_OSMIUM;9996;21;;;;;10008;2;10017;21;;;10002.0;0.0
-2;21500;ASH_COATED_OSMIUM;9999;15;;;;;10015;15;;;;;10007.0;0.0
-2;21500;INTARIAN_PEPPER_ROOT;9984;11;9981;16;;;9995;11;9998;16;;;9989.2;0.0
-2;21600;ASH_COATED_OSMIUM;9996;23;;;;;10015;10;10017;23;;;10005.5;0.0
-2;21600;INTARIAN_PEPPER_ROOT;9984;11;9982;18;;;9995;11;9998;18;;;9989.1;0.0
-2;21700;ASH_COATED_OSMIUM;9999;13;9996;22;;;;;;;;;9999.0;0.0
-2;21700;INTARIAN_PEPPER_ROOT;9983;11;9981;18;;;9997;18;;;;;9990.4;0.0
-2;21800;INTARIAN_PEPPER_ROOT;9983;9;9981;25;;;9990;6;9994;9;9997;25;9986.8;0.0
-2;21800;ASH_COATED_OSMIUM;9999;11;9996;25;;;10004;8;10015;11;;;10001.5;0.0
-2;21900;ASH_COATED_OSMIUM;9999;12;9996;21;;;10015;12;10017;21;;;10007.0;0.0
-2;21900;INTARIAN_PEPPER_ROOT;9983;10;9981;18;;;9997;18;;;;;9990.1;0.0
-2;22000;ASH_COATED_OSMIUM;9998;12;9996;24;;;10014;12;10017;24;;;10006.0;0.0
-2;22000;INTARIAN_PEPPER_ROOT;9983;8;;;;;9995;8;;;;;9989.0;0.0
-2;22100;ASH_COATED_OSMIUM;9998;14;9996;25;;;10014;14;10017;25;;;10006.0;0.0
-2;22100;INTARIAN_PEPPER_ROOT;9984;10;;;;;9995;10;9997;19;;;9989.3;0.0
-2;22200;INTARIAN_PEPPER_ROOT;9984;9;9981;24;;;9995;9;9997;24;;;9989.2;0.0
-2;22200;ASH_COATED_OSMIUM;9998;15;9995;25;;;10014;15;10016;25;;;10006.0;0.0
-2;22300;INTARIAN_PEPPER_ROOT;9984;8;9981;23;;;9995;8;9997;23;;;9989.0;0.0
-2;22300;ASH_COATED_OSMIUM;9995;27;;;;;10014;15;10016;27;;;10004.5;0.0
-2;22400;ASH_COATED_OSMIUM;9996;28;;;;;10014;11;10017;28;;;10005.0;0.0
-2;22400;INTARIAN_PEPPER_ROOT;9983;8;9980;17;;;9996;17;;;;;9989.9;0.0
-2;22500;INTARIAN_PEPPER_ROOT;9983;12;9980;16;;;9994;12;9997;16;;;9988.7;0.0
-2;22500;ASH_COATED_OSMIUM;9999;14;;;;;10015;14;10017;29;;;10007.0;0.0
-2;22600;INTARIAN_PEPPER_ROOT;9983;10;9981;22;;;9985;7;9994;10;9997;22;9984.1;0.0
-2;22600;ASH_COATED_OSMIUM;9999;13;;;;;10015;13;10018;22;;;10007.0;0.0
-2;22700;ASH_COATED_OSMIUM;9999;13;9996;27;;;10015;13;10017;27;;;10007.0;0.0
-2;22700;INTARIAN_PEPPER_ROOT;9981;15;;;;;9997;15;;;;;9988.9;0.0
-2;22800;ASH_COATED_OSMIUM;9998;10;9996;20;;;;;;;;;9998.0;0.0
-2;22800;INTARIAN_PEPPER_ROOT;;;;;;;9994;11;9997;23;;;9993.8;0.0
-2;22900;ASH_COATED_OSMIUM;9998;13;;;;;10014;13;10017;21;;;10006.0;0.0
-2;22900;INTARIAN_PEPPER_ROOT;9981;18;;;;;9994;8;9997;18;;;9987.1;0.0
-2;23000;INTARIAN_PEPPER_ROOT;9982;12;9980;24;;;9996;24;;;;;9989.5;0.0
-2;23000;ASH_COATED_OSMIUM;10004;5;9998;13;;;10014;13;10017;24;;;10009.0;0.0
-2;23100;ASH_COATED_OSMIUM;9995;21;;;;;;;;;;;9995.0;0.0
-2;23100;INTARIAN_PEPPER_ROOT;9980;23;;;;;9994;8;9996;23;;;9987.3;0.0
-2;23200;ASH_COATED_OSMIUM;9998;13;9995;28;;;10014;13;10016;28;;;10006.0;0.0
-2;23200;INTARIAN_PEPPER_ROOT;9983;10;9980;25;;;9994;10;9996;25;;;9988.7;0.0
-2;23300;INTARIAN_PEPPER_ROOT;9983;12;9980;19;;;9994;12;9996;19;;;9988.5;0.0
-2;23300;ASH_COATED_OSMIUM;9998;15;9995;20;;;;;;;;;9998.0;0.0
-2;23400;INTARIAN_PEPPER_ROOT;9983;8;;;;;9996;25;;;;;9989.4;0.0
-2;23400;ASH_COATED_OSMIUM;9998;10;9995;21;;;10014;10;10016;21;;;10006.0;0.0
-2;23500;INTARIAN_PEPPER_ROOT;9983;9;;;;;9994;9;;;;;9988.2;0.0
-2;23500;ASH_COATED_OSMIUM;9998;14;;;;;10014;14;10016;22;;;10006.0;0.0
-2;23600;ASH_COATED_OSMIUM;9995;22;;;;;10014;14;10016;22;;;10004.5;0.0
-2;23600;INTARIAN_PEPPER_ROOT;9983;8;9981;20;;;9994;8;9997;20;;;9988.1;0.0
-2;23700;INTARIAN_PEPPER_ROOT;9982;11;;;;;9996;22;;;;;9989.4;0.0
-2;23700;ASH_COATED_OSMIUM;9997;14;9995;26;;;10013;14;10016;26;;;10005.0;0.0
-2;23800;INTARIAN_PEPPER_ROOT;9982;10;9980;18;;;9993;10;9996;18;;;9987.8;0.0
-2;23800;ASH_COATED_OSMIUM;9997;12;9995;27;;;10003;7;10013;12;10016;27;10000.0;0.0
-2;23900;INTARIAN_PEPPER_ROOT;9982;10;9980;24;;;;;;;;;9982.1;0.0
-2;23900;ASH_COATED_OSMIUM;9997;14;9994;23;;;10013;14;10015;23;;;10005.0;0.0
-2;24000;ASH_COATED_OSMIUM;9997;14;9994;24;;;10013;14;10015;24;;;10005.0;0.0
-2;24000;INTARIAN_PEPPER_ROOT;9980;19;;;;;;;;;;;9980.0;0.0
-2;24100;INTARIAN_PEPPER_ROOT;9983;10;9980;16;;;9996;16;;;;;9989.3;0.0
-2;24100;ASH_COATED_OSMIUM;9997;13;9994;29;;;10013;13;10015;29;;;10005.0;0.0
-2;24200;INTARIAN_PEPPER_ROOT;9983;9;9980;20;;;9994;9;;;;;9988.2;0.0
-2;24200;ASH_COATED_OSMIUM;9994;30;;;;;10013;12;;;;;10003.5;0.0
-2;24300;INTARIAN_PEPPER_ROOT;9983;8;9980;24;;;9994;8;9996;24;;;9988.0;0.0
-2;24300;ASH_COATED_OSMIUM;9997;15;9994;29;;;10013;15;10015;29;;;10005.0;0.0
-2;24400;ASH_COATED_OSMIUM;9996;14;9994;28;;;10012;14;10015;28;;;10004.0;0.0
-2;24400;INTARIAN_PEPPER_ROOT;9982;11;9979;19;;;9993;11;9995;19;;;9987.9;0.0
-2;24500;ASH_COATED_OSMIUM;9996;15;9994;20;;;10012;15;10015;20;;;10004.0;0.0
-2;24500;INTARIAN_PEPPER_ROOT;9982;8;9979;22;;;9993;8;9996;22;;;9987.7;0.0
-2;24600;INTARIAN_PEPPER_ROOT;9982;9;9980;22;;;9993;9;9996;22;;;9987.6;0.0
-2;24600;ASH_COATED_OSMIUM;9996;10;9994;28;;;10012;10;10015;28;;;10004.0;0.0
-2;24700;ASH_COATED_OSMIUM;9997;10;9994;27;;;10013;10;;;;;10005.0;0.0
-2;24700;INTARIAN_PEPPER_ROOT;9982;8;9980;21;;;;;;;;;9981.9;0.0
-2;24800;ASH_COATED_OSMIUM;9997;14;9994;21;;;10013;14;10015;21;;;10005.0;0.0
-2;24800;INTARIAN_PEPPER_ROOT;9982;8;9980;19;;;9993;8;;;;;9987.3;0.0
-2;24900;ASH_COATED_OSMIUM;10006;4;9997;11;;;10013;11;10015;26;;;10009.5;0.0
-2;24900;INTARIAN_PEPPER_ROOT;9980;15;;;;;9993;11;9996;15;;;9986.1;0.0
-2;25000;INTARIAN_PEPPER_ROOT;;;;;;;9989;8;9993;12;;;9989.5;0.0
-2;25000;ASH_COATED_OSMIUM;9997;15;;;;;10013;15;10015;22;;;10005.0;0.0
-2;25100;ASH_COATED_OSMIUM;9997;14;9994;24;;;10015;24;;;;;10006.0;0.0
-2;25100;INTARIAN_PEPPER_ROOT;9982;11;9979;23;;;9993;11;9995;23;;;9987.8;0.0
-2;25200;ASH_COATED_OSMIUM;9997;13;;;;;10013;13;10015;25;;;10005.0;0.0
-2;25200;INTARIAN_PEPPER_ROOT;9982;12;9979;18;;;9993;12;;;;;9987.7;0.0
-2;25300;ASH_COATED_OSMIUM;9996;14;9994;23;;;10015;23;;;;;10005.5;0.0
-2;25300;INTARIAN_PEPPER_ROOT;9982;10;9979;22;;;9993;10;9995;22;;;9987.5;0.0
-2;25400;INTARIAN_PEPPER_ROOT;;;;;;;9993;8;9995;19;;;9992.9;0.0
-2;25400;ASH_COATED_OSMIUM;9996;10;9994;22;;;10012;10;10015;22;;;10004.0;0.0
-2;25500;ASH_COATED_OSMIUM;9996;15;9994;29;;;10012;15;10015;29;;;10004.0;0.0
-2;25500;INTARIAN_PEPPER_ROOT;9982;12;9979;19;;;9993;12;9996;19;;;9987.2;0.0
-2;25600;ASH_COATED_OSMIUM;9997;15;9994;29;;;10013;15;10015;29;;;10005.0;0.0
-2;25600;INTARIAN_PEPPER_ROOT;9982;11;9980;17;;;9993;11;9996;17;;;9987.1;0.0
-2;25700;ASH_COATED_OSMIUM;9997;13;;;;;10013;13;10015;28;;;10005.0;0.0
-2;25700;INTARIAN_PEPPER_ROOT;9981;9;9979;18;;;9992;9;9995;18;;;9986.9;0.0
-2;25800;INTARIAN_PEPPER_ROOT;9979;23;;;;;9992;9;9995;23;;;9985.8;0.0
-2;25800;ASH_COATED_OSMIUM;9997;11;9994;23;;;10013;11;10015;23;;;10005.0;0.0
-2;25900;INTARIAN_PEPPER_ROOT;9981;12;9979;22;;;9992;12;9995;22;;;9986.6;0.0
-2;25900;ASH_COATED_OSMIUM;9997;11;9994;24;;;10013;11;;;;;10005.0;0.0
-2;26000;ASH_COATED_OSMIUM;;;;;;;10012;11;10015;24;;;10012.0;0.0
-2;26000;INTARIAN_PEPPER_ROOT;9981;9;9979;18;;;9993;9;9995;18;;;9987.0;0.0
-2;26100;ASH_COATED_OSMIUM;9996;12;9994;21;;;10012;12;10015;21;;;10004.0;0.0
-2;26100;INTARIAN_PEPPER_ROOT;9982;9;9979;25;;;9993;9;9995;25;;;9987.3;0.0
-2;26200;ASH_COATED_OSMIUM;9996;12;9993;30;;;10012;12;10014;30;;;10004.0;0.0
-2;26200;INTARIAN_PEPPER_ROOT;9979;19;;;;;9993;8;9995;19;;;9985.7;0.0
-2;26300;INTARIAN_PEPPER_ROOT;9982;12;9979;25;;;9993;12;;;;;9987.0;0.0
-2;26300;ASH_COATED_OSMIUM;9996;13;9993;28;;;10012;13;10014;28;;;10004.0;0.0
-2;26400;ASH_COATED_OSMIUM;9996;14;;;;;10012;14;10015;24;;;10004.0;0.0
-2;26400;INTARIAN_PEPPER_ROOT;9981;10;9978;15;;;9992;10;9994;15;;;9986.9;0.0
-2;26500;ASH_COATED_OSMIUM;9996;13;9993;25;;;10012;13;10014;25;;;10004.0;0.0
-2;26500;INTARIAN_PEPPER_ROOT;9981;12;9978;18;;;9992;12;9995;18;;;9986.7;0.0
-2;26600;ASH_COATED_OSMIUM;9996;15;9994;22;;;10012;15;;;;;10004.0;0.0
-2;26600;INTARIAN_PEPPER_ROOT;9981;12;9979;18;;;9992;12;;;;;9986.6;0.0
-2;26700;INTARIAN_PEPPER_ROOT;9981;10;;;;;9992;10;9995;21;;;9986.4;0.0
-2;26700;ASH_COATED_OSMIUM;9994;22;;;;;10012;11;10015;22;;;10003.0;0.0
-2;26800;INTARIAN_PEPPER_ROOT;9981;8;9979;25;;;9995;25;;;;;9987.8;0.0
-2;26800;ASH_COATED_OSMIUM;9996;12;9994;22;;;10012;12;10015;22;;;10004.0;0.0
-2;26900;ASH_COATED_OSMIUM;9996;14;9993;26;;;;;;;;;9996.0;0.0
-2;26900;INTARIAN_PEPPER_ROOT;9979;24;;;;;9992;9;9995;24;;;9985.1;0.0
-2;27000;INTARIAN_PEPPER_ROOT;9980;10;9978;18;;;9994;18;;;;;9987.5;0.0
-2;27000;ASH_COATED_OSMIUM;9996;10;9993;21;;;10012;10;10014;21;;;10004.0;0.0
-2;27100;INTARIAN_PEPPER_ROOT;9981;8;9978;17;;;9994;17;;;;;9987.8;0.0
-2;27100;ASH_COATED_OSMIUM;;;;;;;10015;30;;;;;10015.0;0.0
-2;27200;ASH_COATED_OSMIUM;9994;28;;;;;10015;28;;;;;10004.5;0.0
-2;27200;INTARIAN_PEPPER_ROOT;9981;9;;;;;;;;;;;9981.2;0.0
-2;27300;ASH_COATED_OSMIUM;9996;15;9994;30;;;10012;15;10015;30;;;10004.0;0.0
-2;27300;INTARIAN_PEPPER_ROOT;9981;10;9978;21;;;;;;;;;9981.0;0.0
-2;27400;ASH_COATED_OSMIUM;9994;23;;;;;10012;15;10015;23;;;10003.0;0.0
-2;27400;INTARIAN_PEPPER_ROOT;9981;10;9978;24;;;9994;24;;;;;9987.4;0.0
-2;27500;INTARIAN_PEPPER_ROOT;9978;15;;;;;9992;11;9995;15;;;9984.7;0.0
-2;27500;ASH_COATED_OSMIUM;9996;12;9993;26;;;10012;12;10014;26;;;10004.0;0.0
-2;27600;ASH_COATED_OSMIUM;9996;15;9993;29;;;10012;15;10014;29;;;10004.0;0.0
-2;27600;INTARIAN_PEPPER_ROOT;9981;12;9979;19;;;9992;12;;;;;9986.1;0.0
-2;27700;ASH_COATED_OSMIUM;9996;13;9993;27;;;10012;13;10014;27;;;10004.0;0.0
-2;27700;INTARIAN_PEPPER_ROOT;9980;12;9978;21;;;9991;12;9994;21;;;9985.9;0.0
-2;27800;INTARIAN_PEPPER_ROOT;9980;9;9978;17;;;9991;9;9994;17;;;9985.8;0.0
-2;27800;ASH_COATED_OSMIUM;9995;13;;;;;10011;13;10014;23;;;10003.0;0.0
-2;27900;INTARIAN_PEPPER_ROOT;9980;11;9978;15;;;9991;11;;;;;9985.6;0.0
-2;27900;ASH_COATED_OSMIUM;9995;12;9992;22;;;10011;12;10013;22;;;10003.0;0.0
-2;28000;INTARIAN_PEPPER_ROOT;9980;11;;;;;9992;11;9994;16;;;9986.0;0.0
-2;28000;ASH_COATED_OSMIUM;9995;10;9992;29;;;10013;29;;;;;10004.0;0.0
-2;28100;ASH_COATED_OSMIUM;9995;15;;;;;;;;;;;9995.0;0.0
-2;28100;INTARIAN_PEPPER_ROOT;9981;12;9978;22;;;9994;22;;;;;9987.3;0.0
-2;28200;INTARIAN_PEPPER_ROOT;9978;21;;;;;9992;12;9994;21;;;9984.7;0.0
-2;28200;ASH_COATED_OSMIUM;9996;12;9993;23;;;;;;;;;9996.0;0.0
-2;28300;INTARIAN_PEPPER_ROOT;9981;10;;;;;9992;10;9994;21;;;9986.0;0.0
-2;28300;ASH_COATED_OSMIUM;9995;14;9993;27;;;10011;14;10014;27;;;10003.0;0.0
-2;28400;INTARIAN_PEPPER_ROOT;9980;10;9977;17;;;;;;;;;9980.4;0.0
-2;28400;ASH_COATED_OSMIUM;10001;2;9995;11;9993;23;10011;11;10014;23;;;10006.0;0.0
-2;28500;ASH_COATED_OSMIUM;9995;15;9993;25;;;10014;25;;;;;10004.5;0.0
-2;28500;INTARIAN_PEPPER_ROOT;9980;10;9977;22;;;9991;10;9994;22;;;9985.7;0.0
-2;28600;INTARIAN_PEPPER_ROOT;9980;8;;;;;9991;8;9994;24;;;9985.6;0.0
-2;28600;ASH_COATED_OSMIUM;;;;;;;10011;10;10013;24;;;10011.0;0.0
-2;28700;INTARIAN_PEPPER_ROOT;9980;12;9978;23;;;9991;12;9994;23;;;9985.4;0.0
-2;28700;ASH_COATED_OSMIUM;10000;4;9995;10;;;10011;10;10013;30;;;10005.5;0.0
-2;28800;INTARIAN_PEPPER_ROOT;9978;24;;;;;9991;9;9994;24;;;9984.3;0.0
-2;28800;ASH_COATED_OSMIUM;9995;12;9993;27;;;10011;12;10014;27;;;10003.0;0.0
-2;28900;INTARIAN_PEPPER_ROOT;;;;;;;9991;11;9994;23;;;9990.6;0.0
-2;28900;ASH_COATED_OSMIUM;9995;10;9993;22;;;10011;10;10014;22;;;10003.0;0.0
-2;29000;ASH_COATED_OSMIUM;9995;12;9992;24;;;;;;;;;9995.0;0.0
-2;29000;INTARIAN_PEPPER_ROOT;9979;8;9977;17;;;9993;17;;;;;9986.5;0.0
-2;29100;INTARIAN_PEPPER_ROOT;9980;12;9977;16;;;9991;12;9993;16;;;9985.8;0.0
-2;29100;ASH_COATED_OSMIUM;9992;21;;;;;10013;21;;;;;10002.5;0.0
-2;29200;INTARIAN_PEPPER_ROOT;9980;8;9977;23;;;9991;8;;;;;9985.7;0.0
-2;29200;ASH_COATED_OSMIUM;9995;10;9992;30;;;10011;10;10013;30;;;10003.0;0.0
-2;29300;INTARIAN_PEPPER_ROOT;9977;23;;;;;9991;10;9993;23;;;9984.0;0.0
-2;29300;ASH_COATED_OSMIUM;9992;23;;;;;10013;23;;;;;10002.5;0.0
-2;29400;ASH_COATED_OSMIUM;9995;12;;;;;10011;12;;;;;10003.0;0.0
-2;29400;INTARIAN_PEPPER_ROOT;9980;9;9977;22;;;9991;9;9993;22;;;9985.4;0.0
-2;29500;INTARIAN_PEPPER_ROOT;9980;8;9977;19;;;9991;8;9994;19;;;9985.2;0.0
-2;29500;ASH_COATED_OSMIUM;9995;14;;;;;;;;;;;9995.0;0.0
-2;29600;INTARIAN_PEPPER_ROOT;9980;9;9978;24;;;9991;9;9994;24;;;9985.1;0.0
-2;29600;ASH_COATED_OSMIUM;9995;12;;;;;10011;12;10013;22;;;10003.0;0.0
-2;29700;INTARIAN_PEPPER_ROOT;9979;8;9977;17;;;9990;8;9993;17;;;9984.9;0.0
-2;29700;ASH_COATED_OSMIUM;9995;13;9992;29;;;;;;;;;9995.0;0.0
-2;29800;ASH_COATED_OSMIUM;9992;20;;;;;10010;13;10013;20;;;10001.0;0.0
-2;29800;INTARIAN_PEPPER_ROOT;9979;10;9977;22;;;9990;10;9993;22;;;9984.8;0.0
-2;29900;INTARIAN_PEPPER_ROOT;9979;9;;;;;9990;9;9993;21;;;9984.6;0.0
-2;29900;ASH_COATED_OSMIUM;9995;15;;;;;10013;27;;;;;10004.0;0.0
-2;30000;INTARIAN_PEPPER_ROOT;9977;24;;;;;9993;24;;;;;9985.0;0.0
-2;30000;ASH_COATED_OSMIUM;9995;11;;;;;10011;11;10014;27;;;10003.0;0.0
-2;30100;INTARIAN_PEPPER_ROOT;9980;10;;;;;9993;22;;;;;9986.3;0.0
-2;30100;ASH_COATED_OSMIUM;9995;10;;;;;10011;10;10014;21;;;10003.0;0.0
-2;30200;ASH_COATED_OSMIUM;9996;12;;;;;10012;12;10014;27;;;10004.0;0.0
-2;30200;INTARIAN_PEPPER_ROOT;;;;;;;9991;12;;;;;9990.7;0.0
-2;30300;INTARIAN_PEPPER_ROOT;9980;10;9977;19;;;9991;10;9993;19;;;9985.0;0.0
-2;30300;ASH_COATED_OSMIUM;9995;11;9993;28;;;10011;11;10014;28;;;10003.0;0.0
-2;30400;INTARIAN_PEPPER_ROOT;9976;19;;;;;9990;8;9992;19;;;9983.4;0.0
-2;30400;ASH_COATED_OSMIUM;9995;15;;;;;10011;15;10014;29;;;10003.0;0.0
-2;30500;ASH_COATED_OSMIUM;9995;10;;;;;10011;10;10014;20;;;10003.0;0.0
-2;30500;INTARIAN_PEPPER_ROOT;;;;;;;9986;8;9990;9;9993;18;9986.2;0.0
-2;30600;ASH_COATED_OSMIUM;9995;12;9993;29;;;10011;12;10014;29;;;10003.0;0.0
-2;30600;INTARIAN_PEPPER_ROOT;9979;9;9977;21;;;9990;9;9993;21;;;9984.6;0.0
-2;30700;ASH_COATED_OSMIUM;9996;11;;;;;10012;11;10014;24;;;10004.0;0.0
-2;30700;INTARIAN_PEPPER_ROOT;9977;21;;;;;9990;10;9993;21;;;9983.4;0.0
-2;30800;INTARIAN_PEPPER_ROOT;9979;11;9977;23;;;9993;23;;;;;9985.8;0.0
-2;30800;ASH_COATED_OSMIUM;9995;14;;;;;10011;14;10014;29;;;10003.0;0.0
-2;30900;ASH_COATED_OSMIUM;9995;14;9993;29;;;10011;14;10014;29;;;10003.0;0.0
-2;30900;INTARIAN_PEPPER_ROOT;;;;;;;9990;10;9993;16;;;9989.6;0.0
-2;31000;ASH_COATED_OSMIUM;;;;;;;10014;28;;;;;10014.0;0.0
-2;31000;INTARIAN_PEPPER_ROOT;9978;10;9976;22;;;9990;10;;;;;9984.5;0.0
-2;31100;INTARIAN_PEPPER_ROOT;9979;9;;;;;;;;;;;9979.3;0.0
-2;31100;ASH_COATED_OSMIUM;;;;;;;10011;15;10014;25;;;10011.0;0.0
-2;31200;INTARIAN_PEPPER_ROOT;9979;9;9976;23;;;;;;;;;9979.2;0.0
-2;31200;ASH_COATED_OSMIUM;9995;11;9992;24;;;10013;24;;;;;10004.0;0.0
-2;31300;INTARIAN_PEPPER_ROOT;;;;;;;9990;10;;;;;9990.0;0.0
-2;31300;ASH_COATED_OSMIUM;9995;13;9992;22;;;10011;13;10013;22;;;10003.0;0.0
-2;31400;ASH_COATED_OSMIUM;9995;10;9993;24;;;10011;10;;;;;10003.0;0.0
-2;31400;INTARIAN_PEPPER_ROOT;9979;9;9976;21;;;9990;9;9992;21;;;9984.4;0.0
-2;31500;ASH_COATED_OSMIUM;9996;13;;;;;10012;13;10014;30;;;10004.0;0.0
-2;31500;INTARIAN_PEPPER_ROOT;9979;8;;;;;9990;8;9993;21;;;9984.2;0.0
-2;31600;INTARIAN_PEPPER_ROOT;9979;8;9977;23;;;9990;8;;;;;9984.1;0.0
-2;31600;ASH_COATED_OSMIUM;9996;14;9993;22;;;10014;22;;;;;10005.0;0.0
-2;31700;ASH_COATED_OSMIUM;9995;14;9993;25;;;10011;14;10014;25;;;10003.0;0.0
-2;31700;INTARIAN_PEPPER_ROOT;9978;11;9976;23;;;9989;11;9992;23;;;9983.9;0.0
-2;31800;ASH_COATED_OSMIUM;9995;12;9993;23;;;10011;12;10014;23;;;10003.0;0.0
-2;31800;INTARIAN_PEPPER_ROOT;9978;11;;;;;9989;11;9992;15;;;9983.8;0.0
-2;31900;ASH_COATED_OSMIUM;9996;14;9993;29;;;10012;14;10014;29;;;10004.0;0.0
-2;31900;INTARIAN_PEPPER_ROOT;9978;10;9976;20;;;9989;10;;;;;9983.6;0.0
-2;32000;INTARIAN_PEPPER_ROOT;9978;11;9976;17;;;9990;11;9992;17;;;9984.0;0.0
-2;32000;ASH_COATED_OSMIUM;9995;10;9993;22;;;10011;10;10014;22;;;10003.0;0.0
-2;32100;ASH_COATED_OSMIUM;10005;10;9993;22;;;10011;11;10014;22;;;10008.0;0.0
-2;32100;INTARIAN_PEPPER_ROOT;9979;11;;;;;9990;11;;;;;9984.3;0.0
-2;32200;ASH_COATED_OSMIUM;9996;10;9993;30;;;10012;10;10014;30;;;10004.0;0.0
-2;32200;INTARIAN_PEPPER_ROOT;9979;12;9976;20;;;9990;12;9992;20;;;9984.2;0.0
-2;32300;INTARIAN_PEPPER_ROOT;9979;10;9976;19;;;9992;19;;;;;9985.0;0.0
-2;32300;ASH_COATED_OSMIUM;9996;14;9993;20;;;10012;14;10014;20;;;10004.0;0.0
-2;32400;INTARIAN_PEPPER_ROOT;;;;;;;9989;9;;;;;9989.4;0.0
-2;32400;ASH_COATED_OSMIUM;10005;10;9996;10;9993;30;10012;10;;;;;10008.5;0.0
-2;32500;INTARIAN_PEPPER_ROOT;9978;12;9975;20;;;9989;12;;;;;9983.7;0.0
-2;32500;ASH_COATED_OSMIUM;9996;13;9993;20;;;10012;13;10014;20;;;10004.0;0.0
-2;32600;ASH_COATED_OSMIUM;9996;15;9994;21;;;10015;21;;;;;10005.5;0.0
-2;32600;INTARIAN_PEPPER_ROOT;9978;9;;;;;9989;9;9992;17;;;9983.6;0.0
-2;32700;INTARIAN_PEPPER_ROOT;9978;8;9976;24;;;9989;8;9992;24;;;9983.4;0.0
-2;32700;ASH_COATED_OSMIUM;9997;10;;;;;;;;;;;9997.0;0.0
-2;32800;INTARIAN_PEPPER_ROOT;9978;12;9976;24;;;9989;12;9992;24;;;9983.3;0.0
-2;32800;ASH_COATED_OSMIUM;9997;14;9994;24;;;10013;14;10015;24;;;10005.0;0.0
-2;32900;INTARIAN_PEPPER_ROOT;9978;8;9976;16;;;9992;16;;;;;9984.6;0.0
-2;32900;ASH_COATED_OSMIUM;9994;30;;;;;10015;30;;;;;10004.5;0.0
-2;33000;ASH_COATED_OSMIUM;9997;13;;;;;10013;13;10015;26;;;10005.0;0.0
-2;33000;INTARIAN_PEPPER_ROOT;9977;12;9975;25;;;9989;12;;;;;9983.5;0.0
-2;33100;INTARIAN_PEPPER_ROOT;9978;9;9975;18;;;9989;9;9991;18;;;9983.8;0.0
-2;33100;ASH_COATED_OSMIUM;9995;27;;;;;10016;27;;;;;10005.5;0.0
-2;33200;INTARIAN_PEPPER_ROOT;9978;9;9975;23;;;9989;9;9991;23;;;9983.7;0.0
-2;33200;ASH_COATED_OSMIUM;9997;13;9995;20;;;10013;13;10016;20;;;10005.0;0.0
-2;33300;ASH_COATED_OSMIUM;10003;2;9995;24;;;10013;10;10016;24;;;10008.0;0.0
-2;33300;INTARIAN_PEPPER_ROOT;9975;21;;;;;9989;10;9991;21;;;9982.0;0.0
-2;33400;ASH_COATED_OSMIUM;10003;2;9997;13;9995;28;10013;13;10016;28;;;10008.0;0.0
-2;33400;INTARIAN_PEPPER_ROOT;9978;11;9975;20;;;9989;11;9991;20;;;9983.4;0.0
-2;33500;ASH_COATED_OSMIUM;9994;26;;;;;10013;15;;;;;10003.5;0.0
-2;33500;INTARIAN_PEPPER_ROOT;9978;9;;;;;9989;9;9992;19;;;9983.2;0.0
-2;33600;INTARIAN_PEPPER_ROOT;9978;9;9976;22;;;9989;9;9992;22;;;9983.1;0.0
-2;33600;ASH_COATED_OSMIUM;9996;11;;;;;10012;11;10015;26;;;10004.0;0.0
-2;33700;ASH_COATED_OSMIUM;9996;13;;;;;10012;13;;;;;10004.0;0.0
-2;33700;INTARIAN_PEPPER_ROOT;9977;10;9975;16;;;9984;5;9988;10;9991;16;9980.9;0.0
-2;33800;ASH_COATED_OSMIUM;;;;;;;;;;;;;0.0;0.0
-2;33800;INTARIAN_PEPPER_ROOT;9977;11;;;;;9988;11;9991;17;;;9982.8;0.0
-2;33900;ASH_COATED_OSMIUM;9997;15;9994;21;;;10013;15;10015;21;;;10005.0;0.0
-2;33900;INTARIAN_PEPPER_ROOT;9975;17;;;;;;;;;;;9975.1;0.0
-2;34000;INTARIAN_PEPPER_ROOT;9977;8;9975;21;;;9989;8;;;;;9983.0;0.0
-2;34000;ASH_COATED_OSMIUM;9996;15;9994;26;;;10012;15;10015;26;;;10004.0;0.0
-2;34100;ASH_COATED_OSMIUM;9996;10;9994;23;;;10012;10;10015;23;;;10004.0;0.0
-2;34100;INTARIAN_PEPPER_ROOT;9978;12;9975;19;;;;;;;;;9977.8;0.0
-2;34200;ASH_COATED_OSMIUM;9994;21;;;;;10012;10;10015;21;;;10003.0;0.0
-2;34200;INTARIAN_PEPPER_ROOT;9978;12;9975;16;;;9989;12;9991;16;;;9983.2;0.0
-2;34300;ASH_COATED_OSMIUM;9996;11;;;;;10012;11;10015;27;;;10004.0;0.0
-2;34300;INTARIAN_PEPPER_ROOT;;;;;;;9989;12;9991;18;;;9988.5;0.0
-2;34400;INTARIAN_PEPPER_ROOT;9977;10;9974;20;;;9990;20;;;;;9983.9;0.0
-2;34400;ASH_COATED_OSMIUM;9996;15;9994;29;;;10012;15;;;;;10004.0;0.0
-2;34500;ASH_COATED_OSMIUM;9996;14;9994;23;;;10015;23;;;;;10005.5;0.0
-2;34500;INTARIAN_PEPPER_ROOT;9974;21;;;;;9988;12;9991;21;;;9981.2;0.0
-2;34600;ASH_COATED_OSMIUM;9997;10;9994;28;;;10013;10;;;;;10005.0;0.0
-2;34600;INTARIAN_PEPPER_ROOT;9977;10;9975;15;;;9991;15;;;;;9984.1;0.0
-2;34700;ASH_COATED_OSMIUM;9996;15;9994;29;;;10015;29;;;;;10005.5;0.0
-2;34700;INTARIAN_PEPPER_ROOT;9975;16;;;;;9988;10;9991;16;;;9981.4;0.0
-2;34800;ASH_COATED_OSMIUM;9994;23;;;;;10012;13;10015;23;;;10003.0;0.0
-2;34800;INTARIAN_PEPPER_ROOT;9977;11;9975;15;;;9988;11;9991;15;;;9982.3;0.0
-2;34900;INTARIAN_PEPPER_ROOT;9975;19;;;;;9988;11;;;;;9981.1;0.0
-2;34900;ASH_COATED_OSMIUM;9994;26;;;;;10015;26;;;;;10004.5;0.0
-2;35000;ASH_COATED_OSMIUM;9997;12;9995;21;;;10013;12;10016;21;;;10005.0;0.0
-2;35000;INTARIAN_PEPPER_ROOT;9976;11;;;;;9988;11;9990;18;;;9982.5;0.0
-2;35100;ASH_COATED_OSMIUM;9997;10;9995;22;;;10013;10;10016;22;;;10005.0;0.0
-2;35100;INTARIAN_PEPPER_ROOT;9977;10;9974;17;;;9979;6;9984;5;9988;10;9978.3;0.0
-2;35200;ASH_COATED_OSMIUM;9997;13;;;;;10013;13;10015;26;;;10005.0;0.0
-2;35200;INTARIAN_PEPPER_ROOT;9977;11;9974;20;;;9979;5;9990;20;;;9978.2;0.0
-2;35300;INTARIAN_PEPPER_ROOT;9974;25;;;;;9990;25;;;;;9982.0;0.0
-2;35300;ASH_COATED_OSMIUM;9997;15;9995;21;;;10013;15;10016;21;;;10005.0;0.0
-2;35400;ASH_COATED_OSMIUM;9997;10;9995;22;;;10013;10;10016;22;;;10005.0;0.0
-2;35400;INTARIAN_PEPPER_ROOT;9977;11;9974;16;;;9988;11;;;;;9982.4;0.0
-2;35500;ASH_COATED_OSMIUM;9994;22;;;;;;;;;;;9994.0;0.0
-2;35500;INTARIAN_PEPPER_ROOT;9974;23;;;;;9988;8;;;;;9980.7;0.0
-2;35600;INTARIAN_PEPPER_ROOT;;;;;;;9988;9;;;;;9987.6;0.0
-2;35600;ASH_COATED_OSMIUM;9997;10;;;;;10006;3;10013;10;10015;27;10001.5;0.0
-2;35700;INTARIAN_PEPPER_ROOT;9976;9;9974;22;;;9990;22;;;;;9983.4;0.0
-2;35700;ASH_COATED_OSMIUM;9997;15;9995;24;;;10013;15;10016;24;;;10005.0;0.0
-2;35800;INTARIAN_PEPPER_ROOT;9974;17;;;;;9987;8;;;;;9980.8;0.0
-2;35800;ASH_COATED_OSMIUM;9994;26;;;;;10013;10;10015;26;;;10003.5;0.0
-2;35900;ASH_COATED_OSMIUM;9997;11;;;;;10013;11;10015;22;;;10005.0;0.0
-2;35900;INTARIAN_PEPPER_ROOT;9976;10;9974;22;;;9990;22;;;;;9983.1;0.0
-2;36000;ASH_COATED_OSMIUM;10006;10;;;;;10013;12;10015;28;;;10009.5;0.0
-2;36000;INTARIAN_PEPPER_ROOT;9976;8;9974;19;;;9988;8;;;;;9982.0;0.0
-2;36100;INTARIAN_PEPPER_ROOT;9977;8;9974;22;;;9988;8;;;;;9982.3;0.0
-2;36100;ASH_COATED_OSMIUM;9997;15;;;;;10013;15;10015;29;;;10005.0;0.0
-2;36200;ASH_COATED_OSMIUM;9997;15;9994;28;;;10016;28;;;;;10006.5;0.0
-2;36200;INTARIAN_PEPPER_ROOT;9977;10;9974;18;;;9988;10;9990;18;;;9982.2;0.0
-2;36300;ASH_COATED_OSMIUM;9997;10;;;;;10013;10;10015;25;;;10005.0;0.0
-2;36300;INTARIAN_PEPPER_ROOT;9977;8;9974;22;;;9988;8;9990;22;;;9982.0;0.0
-2;36400;ASH_COATED_OSMIUM;9994;30;;;;;10013;12;;;;;10003.5;0.0
-2;36400;INTARIAN_PEPPER_ROOT;9976;9;9973;20;;;9987;9;9989;20;;;9981.9;0.0
-2;36500;INTARIAN_PEPPER_ROOT;9976;11;9973;20;;;9987;11;9990;20;;;9981.7;0.0
-2;36500;ASH_COATED_OSMIUM;9994;24;;;;;10013;12;;;;;10003.5;0.0
-2;36600;ASH_COATED_OSMIUM;9997;15;9994;29;;;10015;29;;;;;10006.0;0.0
-2;36600;INTARIAN_PEPPER_ROOT;9976;9;9974;15;;;9987;9;;;;;9981.6;0.0
-2;36700;ASH_COATED_OSMIUM;9996;14;9994;30;;;10012;14;10015;30;;;10004.0;0.0
-2;36700;INTARIAN_PEPPER_ROOT;9974;25;;;;;9987;11;9990;25;;;9980.4;0.0
-2;36800;INTARIAN_PEPPER_ROOT;9976;11;9974;16;;;9987;11;9990;16;;;9981.3;0.0
-2;36800;ASH_COATED_OSMIUM;9994;22;;;;;10012;14;10015;22;;;10003.0;0.0
-2;36900;INTARIAN_PEPPER_ROOT;9976;12;9974;16;;;9987;12;;;;;9981.1;0.0
-2;36900;ASH_COATED_OSMIUM;9996;15;9994;22;;;10012;15;10015;22;;;10004.0;0.0
-2;37000;INTARIAN_PEPPER_ROOT;9975;8;9973;20;;;9987;8;;;;;9981.5;0.0
-2;37000;ASH_COATED_OSMIUM;9996;12;9994;26;;;10012;12;10015;26;;;10004.0;0.0
-2;37100;ASH_COATED_OSMIUM;9994;20;;;;;10012;14;10015;20;;;10003.0;0.0
-2;37100;INTARIAN_PEPPER_ROOT;9973;23;;;;;9987;10;9989;23;;;9980.3;0.0
-2;37200;INTARIAN_PEPPER_ROOT;9973;16;;;;;9987;10;;;;;9980.2;0.0
-2;37200;ASH_COATED_OSMIUM;9996;15;9994;27;;;10012;15;;;;;10004.0;0.0
-2;37300;INTARIAN_PEPPER_ROOT;9976;8;9973;17;;;9987;8;9989;17;;;9981.5;0.0
-2;37300;ASH_COATED_OSMIUM;9996;12;9994;21;;;10012;12;10015;21;;;10004.0;0.0
-2;37400;INTARIAN_PEPPER_ROOT;9976;8;9973;19;;;9987;8;9989;19;;;9981.4;0.0
-2;37400;ASH_COATED_OSMIUM;10002;5;9997;15;9994;30;10013;15;10015;30;;;10007.5;0.0
-2;37500;ASH_COATED_OSMIUM;9997;10;;;;;10013;10;10015;22;;;10005.0;0.0
-2;37500;INTARIAN_PEPPER_ROOT;9976;10;9973;23;;;9987;10;9990;23;;;9981.2;0.0
-2;37600;INTARIAN_PEPPER_ROOT;9976;10;9974;22;;;9987;10;;;;;9981.1;0.0
-2;37600;ASH_COATED_OSMIUM;9997;13;9995;22;;;10013;13;10016;22;;;10005.0;0.0
-2;37700;INTARIAN_PEPPER_ROOT;;;;;;;9986;12;9989;16;;;9986.4;0.0
-2;37700;ASH_COATED_OSMIUM;9997;10;9995;20;;;10013;10;;;;;10005.0;0.0
-2;37800;INTARIAN_PEPPER_ROOT;9975;8;;;;;9986;8;9989;18;;;9980.8;0.0
-2;37800;ASH_COATED_OSMIUM;9998;13;9995;20;;;10014;13;10016;20;;;10006.0;0.0
-2;37900;INTARIAN_PEPPER_ROOT;9983;4;9975;12;9973;24;9986;12;9989;24;;;9984.6;0.0
-2;37900;ASH_COATED_OSMIUM;9998;14;9995;24;;;;;;;;;9998.0;0.0
-2;38000;ASH_COATED_OSMIUM;9997;14;9995;25;;;10016;25;;;;;10006.5;0.0
-2;38000;INTARIAN_PEPPER_ROOT;9975;12;9973;21;;;9987;12;9989;21;;;9981.0;0.0
-2;38100;INTARIAN_PEPPER_ROOT;9973;22;;;;;9987;9;9989;22;;;9979.8;0.0
-2;38100;ASH_COATED_OSMIUM;9997;15;9995;26;;;10013;15;;;;;10005.0;0.0
-2;38200;INTARIAN_PEPPER_ROOT;9976;10;9973;17;;;9987;10;9989;17;;;9981.2;0.0
-2;38200;ASH_COATED_OSMIUM;;;;;;;10013;12;10016;20;;;10013.0;0.0
-2;38300;INTARIAN_PEPPER_ROOT;9973;16;;;;;9987;10;9989;16;;;9979.5;0.0
-2;38300;ASH_COATED_OSMIUM;9996;13;9994;20;;;10006;5;10012;13;10015;20;10001.0;0.0
-2;38400;ASH_COATED_OSMIUM;9996;13;9993;24;;;10012;13;10014;24;;;10004.0;0.0
-2;38400;INTARIAN_PEPPER_ROOT;9972;22;;;;;9986;9;;;;;9979.4;0.0
-2;38500;INTARIAN_PEPPER_ROOT;9975;9;;;;;9986;9;9989;25;;;9980.7;0.0
-2;38500;ASH_COATED_OSMIUM;9996;15;9993;21;;;10012;15;10014;21;;;10004.0;0.0
-2;38600;INTARIAN_PEPPER_ROOT;9975;9;9973;23;;;9989;23;;;;;9982.1;0.0
-2;38600;ASH_COATED_OSMIUM;9996;14;9994;27;;;;;;;;;9996.0;0.0
-2;38700;INTARIAN_PEPPER_ROOT;9975;12;;;;;9986;12;9989;21;;;9980.4;0.0
-2;38700;ASH_COATED_OSMIUM;9997;11;;;;;10015;30;;;;;10006.0;0.0
-2;38800;ASH_COATED_OSMIUM;9997;15;9994;22;;;10015;22;;;;;10006.0;0.0
-2;38800;INTARIAN_PEPPER_ROOT;9975;8;9973;19;;;9986;8;9989;19;;;9980.3;0.0
-2;38900;INTARIAN_PEPPER_ROOT;9975;10;9973;16;;;9986;10;9989;16;;;9980.1;0.0
-2;38900;ASH_COATED_OSMIUM;9994;21;;;;;10015;21;;;;;10004.5;0.0
-2;39000;INTARIAN_PEPPER_ROOT;9974;12;9972;24;;;9986;12;9988;24;;;9980.5;0.0
-2;39000;ASH_COATED_OSMIUM;9996;12;9994;28;;;10012;12;10015;28;;;10004.0;0.0
-2;39100;INTARIAN_PEPPER_ROOT;9975;12;9972;20;;;9986;12;9988;20;;;9980.8;0.0
-2;39100;ASH_COATED_OSMIUM;9996;13;9994;25;;;10012;13;10015;25;;;10004.0;0.0
-2;39200;ASH_COATED_OSMIUM;;;;;;;10012;10;10014;20;;;10012.0;0.0
-2;39200;INTARIAN_PEPPER_ROOT;9975;10;9972;25;;;;;;;;;9975.2;0.0
-2;39300;ASH_COATED_OSMIUM;;;;;;;10012;15;;;;;10012.0;0.0
-2;39300;INTARIAN_PEPPER_ROOT;9978;10;9975;12;9972;17;9986;12;9988;17;;;9982.0;0.0
-2;39400;INTARIAN_PEPPER_ROOT;9975;11;;;;;9986;11;9988;25;;;9980.4;0.0
-2;39400;ASH_COATED_OSMIUM;9996;11;9994;24;;;10012;11;10015;24;;;10004.0;0.0
-2;39500;ASH_COATED_OSMIUM;9997;13;9994;29;;;10013;13;10015;29;;;10005.0;0.0
-2;39500;INTARIAN_PEPPER_ROOT;9975;10;;;;;9986;10;9989;18;;;9980.2;0.0
-2;39600;ASH_COATED_OSMIUM;10002;5;9997;15;;;10013;15;;;;;10007.5;0.0
-2;39600;INTARIAN_PEPPER_ROOT;9975;11;9973;22;;;9986;11;;;;;9980.1;0.0
-2;39700;ASH_COATED_OSMIUM;9997;11;9995;21;;;10013;11;10016;21;;;10005.0;0.0
-2;39700;INTARIAN_PEPPER_ROOT;9974;11;9972;18;;;9985;11;9988;18;;;9979.9;0.0
-2;39800;INTARIAN_PEPPER_ROOT;9974;9;9972;21;;;9988;21;;;;;9981.3;0.0
-2;39800;ASH_COATED_OSMIUM;9995;24;;;;;10013;14;;;;;10004.0;0.0
-2;39900;ASH_COATED_OSMIUM;9997;12;9995;23;;;10013;12;;;;;10005.0;0.0
-2;39900;INTARIAN_PEPPER_ROOT;9982;6;9972;22;;;9985;9;9988;22;;;9983.6;0.0
-2;40000;ASH_COATED_OSMIUM;9997;12;9995;27;;;10013;12;10016;27;;;10005.0;0.0
-2;40000;INTARIAN_PEPPER_ROOT;9974;12;9972;19;;;9988;19;;;;;9981.0;0.0
-2;40100;INTARIAN_PEPPER_ROOT;9975;8;9972;24;;;;;;;;;9974.8;0.0
-2;40100;ASH_COATED_OSMIUM;9997;11;9995;26;;;10013;11;10016;26;;;10005.0;0.0
-2;40200;INTARIAN_PEPPER_ROOT;9975;9;9972;25;;;9986;9;9988;25;;;9980.2;0.0
-2;40200;ASH_COATED_OSMIUM;9998;12;9995;27;;;10014;12;10016;27;;;10006.0;0.0
-2;40300;INTARIAN_PEPPER_ROOT;9975;9;;;;;9988;20;;;;;9981.0;0.0
-2;40300;ASH_COATED_OSMIUM;10003;3;9997;11;9995;28;10013;11;10016;28;;;10008.0;0.0
-2;40400;ASH_COATED_OSMIUM;9997;10;9994;30;;;10013;10;10015;30;;;10005.0;0.0
-2;40400;INTARIAN_PEPPER_ROOT;;;;;;;9985;8;9987;25;;;9985.4;0.0
-2;40500;ASH_COATED_OSMIUM;9997;14;9994;29;;;10013;14;;;;;10005.0;0.0
-2;40500;INTARIAN_PEPPER_ROOT;9974;10;9971;18;;;9985;10;;;;;9979.7;0.0
-2;40600;INTARIAN_PEPPER_ROOT;9974;11;9972;21;;;9985;11;9988;21;;;9979.6;0.0
-2;40600;ASH_COATED_OSMIUM;9997;15;;;;;10015;29;;;;;10006.0;0.0
-2;40700;ASH_COATED_OSMIUM;9996;13;9994;24;;;10012;13;10015;24;;;10004.0;0.0
-2;40700;INTARIAN_PEPPER_ROOT;9974;12;9972;22;;;9985;12;9988;22;;;9979.4;0.0
-2;40800;ASH_COATED_OSMIUM;9996;10;9993;24;;;10012;10;10014;24;;;10004.0;0.0
-2;40800;INTARIAN_PEPPER_ROOT;9974;9;9972;24;;;9985;9;9988;24;;;9979.3;0.0
-2;40900;ASH_COATED_OSMIUM;9996;14;;;;;10013;14;10015;23;;;10004.5;0.0
-2;40900;INTARIAN_PEPPER_ROOT;9974;9;9972;20;;;9985;9;9988;20;;;9979.1;0.0
-2;41000;INTARIAN_PEPPER_ROOT;9973;11;9971;20;;;9985;11;9987;20;;;9979.5;0.0
-2;41000;ASH_COATED_OSMIUM;9997;13;9994;24;;;10002;6;10013;13;10015;24;9999.5;0.0
-2;41100;INTARIAN_PEPPER_ROOT;;;;;;;9987;23;;;;;9987.3;0.0
-2;41100;ASH_COATED_OSMIUM;10002;4;9996;14;9994;26;10012;14;10015;26;;;10007.0;0.0
-2;41200;ASH_COATED_OSMIUM;9996;12;;;;;10002;10;10012;12;10015;25;9999.0;0.0
-2;41200;INTARIAN_PEPPER_ROOT;9971;24;;;;;9985;8;9987;24;;;9978.2;0.0
-2;41300;INTARIAN_PEPPER_ROOT;9974;12;;;;;9985;12;;;;;9979.5;0.0
-2;41300;ASH_COATED_OSMIUM;9996;10;9994;28;;;10012;10;;;;;10004.0;0.0
-2;41400;INTARIAN_PEPPER_ROOT;;;;;;;9985;11;;;;;9984.9;0.0
-2;41400;ASH_COATED_OSMIUM;9996;13;;;;;10012;13;10015;30;;;10004.0;0.0
-2;41500;INTARIAN_PEPPER_ROOT;9974;10;;;;;9985;10;9988;16;;;9979.2;0.0
-2;41500;ASH_COATED_OSMIUM;9996;13;9994;21;;;10012;13;10015;21;;;10004.0;0.0
-2;41600;ASH_COATED_OSMIUM;9996;12;;;;;10012;12;10015;23;;;10004.0;0.0
-2;41600;INTARIAN_PEPPER_ROOT;9974;9;9972;21;;;9985;9;9988;21;;;9979.1;0.0
-2;41700;INTARIAN_PEPPER_ROOT;9971;17;;;;;9984;11;;;;;9977.9;0.0
-2;41700;ASH_COATED_OSMIUM;9996;12;;;;;10012;12;10015;28;;;10004.0;0.0
-2;41800;INTARIAN_PEPPER_ROOT;9973;11;9971;16;;;9984;11;9987;16;;;9978.8;0.0
-2;41800;ASH_COATED_OSMIUM;10002;3;9996;11;9994;29;;;;;;;10002.0;0.0
-2;41900;INTARIAN_PEPPER_ROOT;9973;10;9971;25;;;9984;10;9987;25;;;9978.6;0.0
-2;41900;ASH_COATED_OSMIUM;9996;14;;;;;10012;14;10014;30;;;10004.0;0.0
-2;42000;ASH_COATED_OSMIUM;9996;11;9994;20;;;10006;4;10012;11;;;10001.0;0.0
-2;42000;INTARIAN_PEPPER_ROOT;9973;8;9971;25;;;9985;8;9987;25;;;9979.0;0.0
-2;42100;INTARIAN_PEPPER_ROOT;;;;;;;9985;11;;;;;9984.8;0.0
-2;42100;ASH_COATED_OSMIUM;10002;5;9997;10;9994;20;10015;20;;;;;10008.5;0.0
-2;42200;INTARIAN_PEPPER_ROOT;9971;22;;;;;9985;12;9987;22;;;9977.7;0.0
-2;42200;ASH_COATED_OSMIUM;;;;;;;10013;15;10015;20;;;10013.0;0.0
-2;42300;ASH_COATED_OSMIUM;9997;13;9994;24;;;10013;13;10015;24;;;10005.0;0.0
-2;42300;INTARIAN_PEPPER_ROOT;9974;11;9971;17;;;9987;17;;;;;9980.0;0.0
-2;42400;ASH_COATED_OSMIUM;9996;14;9994;25;;;10012;14;10015;25;;;10004.0;0.0
-2;42400;INTARIAN_PEPPER_ROOT;9973;11;9970;22;;;9986;22;;;;;9979.9;0.0
-2;42500;ASH_COATED_OSMIUM;9994;22;;;;;10006;5;10012;14;10015;22;10000.0;0.0
-2;42500;INTARIAN_PEPPER_ROOT;9973;11;9970;19;;;9987;19;;;;;9980.2;0.0
-2;42600;INTARIAN_PEPPER_ROOT;9973;11;9971;19;;;9987;19;;;;;9980.1;0.0
-2;42600;ASH_COATED_OSMIUM;9996;13;;;;;10012;13;;;;;10004.0;0.0
-2;42700;ASH_COATED_OSMIUM;9995;10;;;;;10011;10;10014;23;;;10003.0;0.0
-2;42700;INTARIAN_PEPPER_ROOT;9973;8;9971;19;;;9984;8;9987;19;;;9978.4;0.0
-2;42800;ASH_COATED_OSMIUM;9995;11;9993;25;;;10011;11;;;;;10003.0;0.0
-2;42800;INTARIAN_PEPPER_ROOT;9973;10;9971;22;;;9984;10;9987;22;;;9978.3;0.0
-2;42900;ASH_COATED_OSMIUM;9995;15;;;;;10011;15;10014;26;;;10003.0;0.0
-2;42900;INTARIAN_PEPPER_ROOT;9973;11;9971;25;;;9984;11;9987;25;;;9978.1;0.0
-2;43000;INTARIAN_PEPPER_ROOT;9972;9;;;;;9984;9;9986;16;;;9978.5;0.0
-2;43000;ASH_COATED_OSMIUM;9995;10;9992;21;;;10011;10;10013;21;;;10003.0;0.0
-2;43100;ASH_COATED_OSMIUM;9995;10;;;;;10011;10;;;;;10003.0;0.0
-2;43100;INTARIAN_PEPPER_ROOT;9973;11;9970;20;;;9984;11;;;;;9978.8;0.0
-2;43200;ASH_COATED_OSMIUM;;;;;;;10011;11;10013;28;;;10011.0;0.0
-2;43200;INTARIAN_PEPPER_ROOT;9973;12;9970;20;;;9984;12;9986;20;;;9978.7;0.0
-2;43300;ASH_COATED_OSMIUM;9995;13;9992;23;;;10011;13;10013;23;;;10003.0;0.0
-2;43300;INTARIAN_PEPPER_ROOT;9973;8;9970;23;;;9984;8;9986;23;;;9978.5;0.0
-2;43400;INTARIAN_PEPPER_ROOT;9973;10;9970;22;;;9984;10;9986;22;;;9978.4;0.0
-2;43400;ASH_COATED_OSMIUM;9995;14;;;;;10011;14;10014;28;;;10003.0;0.0
-2;43500;ASH_COATED_OSMIUM;9995;11;9993;22;;;10011;11;10014;22;;;10003.0;0.0
-2;43500;INTARIAN_PEPPER_ROOT;9973;11;9970;17;;;9987;17;;;;;9979.7;0.0
-2;43600;ASH_COATED_OSMIUM;9993;20;;;;;10001;8;10011;11;;;9997.0;0.0
-2;43600;INTARIAN_PEPPER_ROOT;9973;8;;;;;9984;8;;;;;9978.1;0.0
-2;43700;ASH_COATED_OSMIUM;9995;11;9993;29;;;10011;11;10014;29;;;10003.0;0.0
-2;43700;INTARIAN_PEPPER_ROOT;9972;9;;;;;9983;9;;;;;9977.9;0.0
-2;43800;ASH_COATED_OSMIUM;;;;;;;;;;;;;0.0;0.0
-2;43800;INTARIAN_PEPPER_ROOT;9972;10;9970;18;;;9983;10;9986;18;;;9977.8;0.0
-2;43900;INTARIAN_PEPPER_ROOT;9972;12;9970;15;;;9983;12;9986;15;;;9977.6;0.0
-2;43900;ASH_COATED_OSMIUM;;;;;;;10014;22;;;;;10014.0;0.0
-2;44000;ASH_COATED_OSMIUM;9993;29;;;;;;;;;;;9993.0;0.0
-2;44000;INTARIAN_PEPPER_ROOT;9972;10;9970;21;;;9984;10;9986;21;;;9978.0;0.0
-2;44100;ASH_COATED_OSMIUM;9996;13;9993;30;;;10012;13;10014;30;;;10004.0;0.0
-2;44100;INTARIAN_PEPPER_ROOT;9973;10;9970;18;;;9986;18;;;;;9979.3;0.0
-2;44200;ASH_COATED_OSMIUM;9995;12;;;;;10014;26;;;;;10004.5;0.0
-2;44200;INTARIAN_PEPPER_ROOT;9973;12;9970;22;;;9984;12;9986;22;;;9978.2;0.0
-2;44300;INTARIAN_PEPPER_ROOT;9970;16;;;;;9984;9;9986;16;;;9976.5;0.0
-2;44300;ASH_COATED_OSMIUM;9993;27;;;;;10012;14;10014;27;;;10002.5;0.0
-2;44400;ASH_COATED_OSMIUM;9995;13;9993;21;;;10014;21;;;;;10004.5;0.0
-2;44400;INTARIAN_PEPPER_ROOT;9972;8;;;;;9985;25;;;;;9978.9;0.0
-2;44500;ASH_COATED_OSMIUM;9995;11;;;;;10011;11;10013;27;;;10003.0;0.0
-2;44500;INTARIAN_PEPPER_ROOT;9969;21;;;;;9986;21;;;;;9977.7;0.0
-2;44600;INTARIAN_PEPPER_ROOT;9970;20;;;;;9983;12;9986;20;;;9976.6;0.0
-2;44600;ASH_COATED_OSMIUM;9995;14;9992;26;;;10011;14;10013;26;;;10003.0;0.0
-2;44700;INTARIAN_PEPPER_ROOT;9972;10;9970;21;;;;;;;;;9971.9;0.0
-2;44700;ASH_COATED_OSMIUM;9995;12;9992;27;;;10011;12;10013;27;;;10003.0;0.0
-2;44800;ASH_COATED_OSMIUM;9992;23;;;;;10013;23;;;;;10002.5;0.0
-2;44800;INTARIAN_PEPPER_ROOT;9972;12;9970;15;;;9983;12;9986;15;;;9977.3;0.0
-2;44900;ASH_COATED_OSMIUM;;;;;;;10011;15;10014;30;;;10011.0;0.0
-2;44900;INTARIAN_PEPPER_ROOT;9970;18;;;;;9983;12;9986;18;;;9976.1;0.0
-2;45000;ASH_COATED_OSMIUM;9995;10;;;;;10004;5;10011;10;10013;23;9999.5;0.0
-2;45000;INTARIAN_PEPPER_ROOT;9971;11;9969;24;;;9983;11;9985;24;;;9977.5;0.0
-2;45100;INTARIAN_PEPPER_ROOT;9980;4;9972;12;9969;17;9983;12;;;;;9981.8;0.0
-2;45100;ASH_COATED_OSMIUM;9995;13;9992;25;;;10011;13;10013;25;;;10003.0;0.0
-2;45200;ASH_COATED_OSMIUM;9995;12;9992;24;;;10011;12;10013;24;;;10003.0;0.0
-2;45200;INTARIAN_PEPPER_ROOT;9972;10;9969;22;;;9983;10;9985;22;;;9977.7;0.0
-2;45300;ASH_COATED_OSMIUM;9995;10;9992;29;;;10011;10;10013;29;;;10003.0;0.0
-2;45300;INTARIAN_PEPPER_ROOT;9969;21;;;;;9983;10;;;;;9976.0;0.0
-2;45400;ASH_COATED_OSMIUM;9995;11;9992;24;;;10011;11;;;;;10003.0;0.0
-2;45400;INTARIAN_PEPPER_ROOT;9972;8;9969;24;;;9983;8;9985;24;;;9977.4;0.0
-2;45500;INTARIAN_PEPPER_ROOT;9972;9;9969;21;;;9983;9;;;;;9977.2;0.0
-2;45500;ASH_COATED_OSMIUM;9995;10;;;;;10014;28;;;;;10004.5;0.0
-2;45600;INTARIAN_PEPPER_ROOT;9970;24;;;;;9983;9;9986;24;;;9976.1;0.0
-2;45600;ASH_COATED_OSMIUM;9995;12;9992;27;;;10011;12;10013;27;;;10003.0;0.0
-2;45700;ASH_COATED_OSMIUM;9995;12;9992;21;;;10011;12;10013;21;;;10003.0;0.0
-2;45700;INTARIAN_PEPPER_ROOT;9971;9;;;;;9982;9;9985;21;;;9976.9;0.0
-2;45800;INTARIAN_PEPPER_ROOT;9971;12;9969;15;;;9982;12;9985;15;;;9976.8;0.0
-2;45800;ASH_COATED_OSMIUM;9992;20;;;;;10011;13;10013;20;;;10001.5;0.0
-2;45900;INTARIAN_PEPPER_ROOT;9969;16;;;;;9982;8;9985;16;;;9975.6;0.0
-2;45900;ASH_COATED_OSMIUM;9996;11;9993;26;;;10014;26;;;;;10005.0;0.0
-2;46000;INTARIAN_PEPPER_ROOT;9969;15;;;;;9983;9;9985;15;;;9976.0;0.0
-2;46000;ASH_COATED_OSMIUM;9996;15;9994;26;;;10015;26;;;;;10005.5;0.0
-2;46100;ASH_COATED_OSMIUM;10005;10;9996;10;9993;23;10014;23;;;;;10009.5;0.0
-2;46100;INTARIAN_PEPPER_ROOT;9972;11;9969;23;;;9983;11;9985;23;;;9977.3;0.0
-2;46200;INTARIAN_PEPPER_ROOT;9972;9;9969;22;;;;;;;;;9971.7;0.0
-2;46200;ASH_COATED_OSMIUM;9997;11;9994;20;;;10013;11;;;;;10005.0;0.0
-2;46300;INTARIAN_PEPPER_ROOT;9972;10;;;;;9983;10;9985;21;;;9977.0;0.0
-2;46300;ASH_COATED_OSMIUM;9996;10;9994;23;;;10012;10;10015;23;;;10004.0;0.0
-2;46400;INTARIAN_PEPPER_ROOT;9979;4;9971;8;9968;19;9982;8;9984;19;;;9980.9;0.0
-2;46400;ASH_COATED_OSMIUM;9997;11;9994;26;;;10013;11;10015;26;;;10005.0;0.0
-2;46500;ASH_COATED_OSMIUM;9997;12;9994;24;;;10013;12;10015;24;;;10005.0;0.0
-2;46500;INTARIAN_PEPPER_ROOT;9971;8;9968;21;;;9982;8;;;;;9976.7;0.0
-2;46600;INTARIAN_PEPPER_ROOT;9971;8;;;;;9982;8;9985;21;;;9976.6;0.0
-2;46600;ASH_COATED_OSMIUM;9997;10;9994;21;;;10013;10;10015;21;;;10005.0;0.0
-2;46700;INTARIAN_PEPPER_ROOT;;;;;;;9982;11;9985;19;;;9981.9;0.0
-2;46700;ASH_COATED_OSMIUM;9994;27;;;;;10006;2;10012;13;10015;27;10000.0;0.0
-2;46800;INTARIAN_PEPPER_ROOT;9971;10;9969;25;;;9982;10;9985;25;;;9976.3;0.0
-2;46800;ASH_COATED_OSMIUM;9996;10;9994;30;;;10012;10;10015;30;;;10004.0;0.0
-2;46900;INTARIAN_PEPPER_ROOT;9971;12;;;;;9982;12;9985;25;;;9976.1;0.0
-2;46900;ASH_COATED_OSMIUM;9996;10;9994;30;;;10012;10;10015;30;;;10004.0;0.0
-2;47000;ASH_COATED_OSMIUM;9996;11;;;;;10012;11;;;;;10004.0;0.0
-2;47000;INTARIAN_PEPPER_ROOT;9970;12;9968;22;;;9982;12;9984;22;;;9976.5;0.0
-2;47100;INTARIAN_PEPPER_ROOT;9971;9;9968;20;;;9982;9;9984;20;;;9976.8;0.0
-2;47100;ASH_COATED_OSMIUM;9996;15;9994;26;;;10012;15;;;;;10004.0;0.0
-2;47200;INTARIAN_PEPPER_ROOT;9971;12;9968;18;;;9982;12;;;;;9976.7;0.0
-2;47200;ASH_COATED_OSMIUM;9996;15;9994;25;;;;;;;;;9996.0;0.0
-2;47300;INTARIAN_PEPPER_ROOT;9968;25;;;;;9982;10;9984;25;;;9975.0;0.0
-2;47300;ASH_COATED_OSMIUM;9996;14;9993;29;;;10012;14;10014;29;;;10004.0;0.0
-2;47400;ASH_COATED_OSMIUM;9996;11;;;;;10012;11;;;;;10004.0;0.0
-2;47400;INTARIAN_PEPPER_ROOT;9968;21;;;;;9982;12;;;;;9974.9;0.0
-2;47500;INTARIAN_PEPPER_ROOT;9971;11;9968;25;;;9985;25;;;;;9977.7;0.0
-2;47500;ASH_COATED_OSMIUM;9996;10;9994;26;;;10012;10;;;;;10004.0;0.0
-2;47600;INTARIAN_PEPPER_ROOT;9969;23;;;;;9982;10;9985;23;;;9975.1;0.0
-2;47600;ASH_COATED_OSMIUM;9997;10;9994;26;;;10013;10;10015;26;;;10005.0;0.0
-2;47700;INTARIAN_PEPPER_ROOT;9970;8;9968;23;;;9984;23;;;;;9977.4;0.0
-2;47700;ASH_COATED_OSMIUM;9995;22;;;;;10014;14;10016;22;;;10004.5;0.0
-2;47800;ASH_COATED_OSMIUM;9998;15;;;;;10014;15;;;;;10006.0;0.0
-2;47800;INTARIAN_PEPPER_ROOT;9970;11;9968;15;;;9981;11;9984;15;;;9975.8;0.0
-2;47900;INTARIAN_PEPPER_ROOT;9970;11;9968;19;;;9981;11;9984;19;;;9975.6;0.0
-2;47900;ASH_COATED_OSMIUM;9998;14;9995;24;;;10014;14;10016;24;;;10006.0;0.0
-2;48000;INTARIAN_PEPPER_ROOT;9970;10;9968;18;;;9982;10;;;;;9976.0;0.0
-2;48000;ASH_COATED_OSMIUM;9998;13;9995;28;;;10014;13;10016;28;;;10006.0;0.0
-2;48100;INTARIAN_PEPPER_ROOT;9971;11;9968;24;;;9982;11;9984;24;;;9976.3;0.0
-2;48100;ASH_COATED_OSMIUM;9996;22;;;;;10014;15;10017;22;;;10005.0;0.0
-2;48200;ASH_COATED_OSMIUM;;;;;;;10014;15;10017;24;;;10014.0;0.0
-2;48200;INTARIAN_PEPPER_ROOT;9971;11;9968;20;;;9982;11;9984;20;;;9976.2;0.0
-2;48300;ASH_COATED_OSMIUM;9996;26;;;;;10014;14;;;;;10005.0;0.0
-2;48300;INTARIAN_PEPPER_ROOT;9971;11;9968;16;;;9982;11;9984;16;;;9976.0;0.0
-2;48400;INTARIAN_PEPPER_ROOT;9970;8;9967;24;;;9981;8;;;;;9975.9;0.0
-2;48400;ASH_COATED_OSMIUM;9996;28;;;;;10014;10;10017;28;;;10005.0;0.0
-2;48500;ASH_COATED_OSMIUM;9998;12;9996;25;;;10014;12;10017;25;;;10006.0;0.0
-2;48500;INTARIAN_PEPPER_ROOT;9970;9;9967;23;;;9981;9;9984;23;;;9975.7;0.0
-2;48600;ASH_COATED_OSMIUM;9998;10;9996;22;;;10014;10;10017;22;;;10006.0;0.0
-2;48600;INTARIAN_PEPPER_ROOT;9970;11;9968;25;;;9981;11;9984;25;;;9975.6;0.0
-2;48700;ASH_COATED_OSMIUM;9998;11;9996;21;;;10014;11;10017;21;;;10006.0;0.0
-2;48700;INTARIAN_PEPPER_ROOT;9970;12;;;;;9981;12;9984;20;;;9975.4;0.0
-2;48800;INTARIAN_PEPPER_ROOT;9970;9;9968;22;;;;;;;;;9969.8;0.0
-2;48800;ASH_COATED_OSMIUM;9998;12;9996;24;;;10017;24;;;;;10007.5;0.0
-2;48900;INTARIAN_PEPPER_ROOT;9968;17;;;;;9981;8;;;;;9974.1;0.0
-2;48900;ASH_COATED_OSMIUM;9999;14;9996;27;;;10015;14;;;;;10007.0;0.0
-2;49000;ASH_COATED_OSMIUM;9998;13;9996;20;;;10014;13;10017;20;;;10006.0;0.0
-2;49000;INTARIAN_PEPPER_ROOT;9969;12;;;;;9981;12;9983;25;;;9975.5;0.0
-2;49100;INTARIAN_PEPPER_ROOT;9970;11;9967;18;;;9981;11;9983;18;;;9975.8;0.0
-2;49100;ASH_COATED_OSMIUM;9996;27;;;;;10017;27;;;;;10006.5;0.0
-2;49200;INTARIAN_PEPPER_ROOT;9967;17;;;;;9981;10;9983;17;;;9974.2;0.0
-2;49200;ASH_COATED_OSMIUM;9998;10;9995;29;;;10014;10;10016;29;;;10006.0;0.0
-2;49300;ASH_COATED_OSMIUM;9997;15;9995;22;;;10013;15;10016;22;;;10005.0;0.0
-2;49300;INTARIAN_PEPPER_ROOT;9967;21;;;;;9981;8;9983;21;;;9974.0;0.0
-2;49400;ASH_COATED_OSMIUM;9997;13;9994;21;;;10013;13;10016;21;;;10005.0;0.0
-2;49400;INTARIAN_PEPPER_ROOT;9970;9;;;;;9981;9;9983;22;;;9975.4;0.0
-2;49500;ASH_COATED_OSMIUM;9998;12;9995;29;;;10007;3;10014;12;10016;29;10002.5;0.0
-2;49500;INTARIAN_PEPPER_ROOT;9970;10;9967;15;;;9981;10;9984;15;;;9975.2;0.0
-2;49600;INTARIAN_PEPPER_ROOT;9968;15;;;;;9981;11;9984;15;;;9974.1;0.0
-2;49600;ASH_COATED_OSMIUM;9998;14;9996;29;;;10014;14;10017;29;;;10006.0;0.0
-2;49700;ASH_COATED_OSMIUM;9998;11;9996;27;;;10017;27;;;;;10007.5;0.0
-2;49700;INTARIAN_PEPPER_ROOT;9969;9;9967;25;;;9980;9;9983;25;;;9974.9;0.0
-2;49800;ASH_COATED_OSMIUM;9998;15;9996;24;;;10017;24;;;;;10007.5;0.0
-2;49800;INTARIAN_PEPPER_ROOT;9967;24;;;;;9980;11;9983;24;;;9973.8;0.0
-2;49900;ASH_COATED_OSMIUM;;;;;;;10015;13;10017;22;;;10015.0;0.0
-2;49900;INTARIAN_PEPPER_ROOT;9969;9;;;;;9980;9;9983;18;;;9974.6;0.0
-2;50000;INTARIAN_PEPPER_ROOT;9969;9;9967;18;;;;;;;;;9969.0;0.0
-2;50000;ASH_COATED_OSMIUM;10008;3;9998;10;;;10014;10;10017;27;;;10011.0;0.0
-2;50100;INTARIAN_PEPPER_ROOT;9970;9;9967;24;;;;;;;;;9969.8;0.0
-2;50100;ASH_COATED_OSMIUM;9999;11;9996;30;;;10017;30;;;;;10008.0;0.0
-2;50200;ASH_COATED_OSMIUM;9996;29;;;;;10015;14;10017;29;;;10005.5;0.0
-2;50200;INTARIAN_PEPPER_ROOT;9970;12;9967;16;;;9981;12;;;;;9975.2;0.0
-2;50300;INTARIAN_PEPPER_ROOT;9970;11;9967;24;;;9981;11;9983;24;;;9975.0;0.0
-2;50300;ASH_COATED_OSMIUM;9999;13;9997;20;;;10015;13;;;;;10007.0;0.0
-2;50400;INTARIAN_PEPPER_ROOT;9969;9;9966;19;;;9980;9;9982;19;;;9974.9;0.0
-2;50400;ASH_COATED_OSMIUM;9999;13;9997;21;;;10015;13;;;;;10007.0;0.0
-2;50500;INTARIAN_PEPPER_ROOT;9966;19;;;;;9983;19;;;;;9974.7;0.0
-2;50500;ASH_COATED_OSMIUM;10005;2;10000;12;9997;26;10018;26;;;;;10011.5;0.0
-2;50600;ASH_COATED_OSMIUM;9999;15;9997;22;;;10015;15;10018;22;;;10007.0;0.0
-2;50600;INTARIAN_PEPPER_ROOT;9969;8;9967;25;;;9980;8;9983;25;;;9974.6;0.0
-2;50700;INTARIAN_PEPPER_ROOT;9969;8;9967;21;;;9983;21;;;;;9975.9;0.0
-2;50700;ASH_COATED_OSMIUM;9999;10;;;;;10015;10;10018;26;;;10007.0;0.0
-2;50800;INTARIAN_PEPPER_ROOT;9969;11;9967;25;;;9980;11;9983;25;;;9974.3;0.0
-2;50800;ASH_COATED_OSMIUM;9999;13;9997;30;;;10015;13;;;;;10007.0;0.0
-2;50900;INTARIAN_PEPPER_ROOT;9969;8;;;;;9980;8;9983;20;;;9974.1;0.0
-2;50900;ASH_COATED_OSMIUM;9997;24;;;;;10018;24;;;;;10007.5;0.0
-2;51000;ASH_COATED_OSMIUM;9999;10;;;;;10015;10;10018;25;;;10007.0;0.0
-2;51000;INTARIAN_PEPPER_ROOT;9968;10;9966;16;;;9980;10;9982;16;;;9974.5;0.0
-2;51100;ASH_COATED_OSMIUM;10005;5;10000;11;9997;30;10018;30;;;;;10011.5;0.0
-2;51100;INTARIAN_PEPPER_ROOT;9969;9;9966;22;;;;;;;;;9969.3;0.0
-2;51200;INTARIAN_PEPPER_ROOT;9969;12;9966;19;;;9980;12;;;;;9974.7;0.0
-2;51200;ASH_COATED_OSMIUM;10000;12;9998;27;;;10016;12;;;;;10008.0;0.0
-2;51300;ASH_COATED_OSMIUM;9998;26;;;;;10016;11;;;;;10007.0;0.0
-2;51300;INTARIAN_PEPPER_ROOT;9969;12;;;;;9980;12;9982;25;;;9974.5;0.0
-2;51400;ASH_COATED_OSMIUM;10000;15;9997;20;;;10018;20;;;;;10009.0;0.0
-2;51400;INTARIAN_PEPPER_ROOT;9966;16;;;;;9980;11;9982;16;;;9972.9;0.0
-2;51500;ASH_COATED_OSMIUM;10000;13;;;;;10016;13;;;;;10008.0;0.0
-2;51500;INTARIAN_PEPPER_ROOT;9969;11;;;;;9980;11;9983;18;;;9974.2;0.0
-2;51600;INTARIAN_PEPPER_ROOT;9969;12;;;;;9980;12;9983;17;;;9974.1;0.0
-2;51600;ASH_COATED_OSMIUM;9997;30;;;;;10018;30;;;;;10007.5;0.0
-2;51700;ASH_COATED_OSMIUM;;;;;;;10016;14;10018;20;;;10016.0;0.0
-2;51700;INTARIAN_PEPPER_ROOT;9966;24;;;;;9982;24;;;;;9974.4;0.0
-2;51800;ASH_COATED_OSMIUM;9997;21;;;;;10016;11;10018;21;;;10006.5;0.0
-2;51800;INTARIAN_PEPPER_ROOT;9966;21;;;;;9979;10;9982;21;;;9972.8;0.0
-2;51900;ASH_COATED_OSMIUM;9997;23;;;;;10018;23;;;;;10007.5;0.0
-2;51900;INTARIAN_PEPPER_ROOT;9968;12;9966;22;;;9979;12;9982;22;;;9973.6;0.0
-2;52000;INTARIAN_PEPPER_ROOT;9968;8;9966;18;;;9980;8;9982;18;;;9974.0;0.0
-2;52000;ASH_COATED_OSMIUM;10000;10;9997;22;;;10016;10;10018;22;;;10008.0;0.0
-2;52100;ASH_COATED_OSMIUM;9999;15;9997;23;;;10015;15;10018;23;;;10007.0;0.0
-2;52100;INTARIAN_PEPPER_ROOT;9969;11;9966;17;;;9980;11;9982;17;;;9974.3;0.0
-2;52200;ASH_COATED_OSMIUM;10000;11;9997;24;;;10016;11;10018;24;;;10008.0;0.0
-2;52200;INTARIAN_PEPPER_ROOT;9969;10;9966;24;;;9980;10;9982;24;;;9974.2;0.0
-2;52300;ASH_COATED_OSMIUM;9999;15;9997;28;;;10018;28;;;;;10008.5;0.0
-2;52300;INTARIAN_PEPPER_ROOT;;;;;;;9980;12;9982;20;;;9979.5;0.0
-2;52400;INTARIAN_PEPPER_ROOT;9968;12;9965;15;;;9979;12;9981;15;;;9973.9;0.0
-2;52400;ASH_COATED_OSMIUM;9999;13;9996;20;;;10015;13;;;;;10007.0;0.0
-2;52500;ASH_COATED_OSMIUM;9996;30;;;;;10017;30;;;;;10006.5;0.0
-2;52500;INTARIAN_PEPPER_ROOT;9968;8;;;;;9982;18;;;;;9975.2;0.0
-2;52600;ASH_COATED_OSMIUM;9999;13;9996;24;;;10015;13;10017;24;;;10007.0;0.0
-2;52600;INTARIAN_PEPPER_ROOT;9966;20;;;;;9979;10;9982;20;;;9972.6;0.0
-2;52700;ASH_COATED_OSMIUM;9999;13;9996;20;;;10017;20;;;;;10008.0;0.0
-2;52700;INTARIAN_PEPPER_ROOT;9966;23;;;;;9979;9;9982;23;;;9972.4;0.0
-2;52800;ASH_COATED_OSMIUM;9996;22;;;;;10015;10;10017;22;;;10005.5;0.0
-2;52800;INTARIAN_PEPPER_ROOT;9968;11;9966;16;;;9979;11;9982;16;;;9973.3;0.0
-2;52900;INTARIAN_PEPPER_ROOT;9968;8;9966;15;;;9970;6;9982;15;;;9968.6;0.0
-2;52900;ASH_COATED_OSMIUM;10009;9;9999;13;9996;25;10015;13;10018;25;;;10012.0;0.0
-2;53000;ASH_COATED_OSMIUM;9999;10;9997;21;;;10015;10;;;;;10007.0;0.0
-2;53000;INTARIAN_PEPPER_ROOT;;;;;;;9969;6;9979;12;9981;24;9969.5;0.0
-2;53100;ASH_COATED_OSMIUM;9999;13;9997;22;;;10018;22;;;;;10008.5;0.0
-2;53100;INTARIAN_PEPPER_ROOT;9965;23;;;;;9981;23;;;;;9973.3;0.0
-2;53200;ASH_COATED_OSMIUM;;;;;;;10015;15;10017;26;;;10015.0;0.0
-2;53200;INTARIAN_PEPPER_ROOT;9968;8;;;;;9979;8;9981;16;;;9973.7;0.0
-2;53300;INTARIAN_PEPPER_ROOT;9965;21;;;;;9981;21;;;;;9973.0;0.0
-2;53300;ASH_COATED_OSMIUM;9996;23;;;;;10015;12;;;;;10005.5;0.0
-2;53400;INTARIAN_PEPPER_ROOT;9965;25;;;;;9979;11;9981;25;;;9971.9;0.0
-2;53400;ASH_COATED_OSMIUM;9999;15;9996;27;;;10015;15;10017;27;;;10007.0;0.0
-2;53500;ASH_COATED_OSMIUM;9996;21;;;;;10015;12;10017;21;;;10005.5;0.0
-2;53500;INTARIAN_PEPPER_ROOT;9968;12;;;;;9979;12;9982;16;;;9973.2;0.0
-2;53600;INTARIAN_PEPPER_ROOT;9968;8;;;;;9979;8;9982;20;;;9973.1;0.0
-2;53600;ASH_COATED_OSMIUM;9999;12;;;;;10018;25;;;;;10008.5;0.0
-2;53700;INTARIAN_PEPPER_ROOT;9967;9;9965;24;;;9978;9;9981;24;;;9972.9;0.0
-2;53700;ASH_COATED_OSMIUM;;;;;;;10015;11;10017;21;;;10015.0;0.0
-2;53800;ASH_COATED_OSMIUM;9999;10;;;;;10017;24;;;;;10008.0;0.0
-2;53800;INTARIAN_PEPPER_ROOT;9967;10;9965;16;;;9978;10;9981;16;;;9972.8;0.0
-2;53900;ASH_COATED_OSMIUM;9999;11;9996;30;;;10015;11;10017;30;;;10007.0;0.0
-2;53900;INTARIAN_PEPPER_ROOT;9967;12;9965;21;;;9978;12;9981;21;;;9972.6;0.0
-2;54000;ASH_COATED_OSMIUM;9999;13;9996;30;;;10015;13;10017;30;;;10007.0;0.0
-2;54000;INTARIAN_PEPPER_ROOT;9967;8;;;;;9979;8;9981;18;;;9973.0;0.0
-2;54100;INTARIAN_PEPPER_ROOT;9965;21;;;;;9981;21;;;;;9972.8;0.0
-2;54100;ASH_COATED_OSMIUM;9999;15;9996;26;;;10017;26;;;;;10008.0;0.0
-2;54200;ASH_COATED_OSMIUM;9999;12;9996;28;;;10015;12;10017;28;;;10007.0;0.0
-2;54200;INTARIAN_PEPPER_ROOT;9968;12;9965;21;;;;;;;;;9967.7;0.0
-2;54300;ASH_COATED_OSMIUM;9999;14;9996;22;;;10015;14;10017;22;;;10007.0;0.0
-2;54300;INTARIAN_PEPPER_ROOT;9968;11;9965;15;;;9979;11;;;;;9973.0;0.0
-2;54400;INTARIAN_PEPPER_ROOT;9967;9;9964;23;;;9978;9;9980;23;;;9972.9;0.0
-2;54400;ASH_COATED_OSMIUM;9996;29;;;;;10014;11;10017;29;;;10005.0;0.0
-2;54500;INTARIAN_PEPPER_ROOT;9967;10;9964;18;;;9978;10;9981;18;;;9972.7;0.0
-2;54500;ASH_COATED_OSMIUM;9999;15;9996;22;;;10015;15;;;;;10007.0;0.0
-2;54600;INTARIAN_PEPPER_ROOT;9965;24;;;;;;;;;;;9965.1;0.0
-2;54600;ASH_COATED_OSMIUM;9998;15;;;;;10014;15;10017;24;;;10006.0;0.0
-2;54700;ASH_COATED_OSMIUM;9999;11;9996;24;;;10015;11;10017;24;;;10007.0;0.0
-2;54700;INTARIAN_PEPPER_ROOT;9967;11;9965;22;;;9981;22;;;;;9973.9;0.0
-2;54800;INTARIAN_PEPPER_ROOT;9967;12;9965;16;;;9978;12;;;;;9972.3;0.0
-2;54800;ASH_COATED_OSMIUM;9999;14;9996;29;;;10017;29;;;;;10008.0;0.0
-2;54900;INTARIAN_PEPPER_ROOT;9967;12;9965;23;;;9978;12;9981;23;;;9972.1;0.0
-2;54900;ASH_COATED_OSMIUM;9996;24;;;;;10014;13;;;;;10005.0;0.0
-2;55000;INTARIAN_PEPPER_ROOT;9966;11;9964;25;;;9978;11;;;;;9972.5;0.0
-2;55000;ASH_COATED_OSMIUM;9998;11;9996;23;;;10014;11;10017;23;;;10006.0;0.0
-2;55100;ASH_COATED_OSMIUM;9999;15;9996;21;;;10015;15;10017;21;;;10007.0;0.0
-2;55100;INTARIAN_PEPPER_ROOT;9967;11;;;;;9980;23;;;;;9973.8;0.0
-2;55200;INTARIAN_PEPPER_ROOT;9967;8;9964;22;;;9978;8;;;;;9972.7;0.0
-2;55200;ASH_COATED_OSMIUM;10005;3;9999;12;9997;20;10018;20;;;;;10011.5;0.0
-2;55300;INTARIAN_PEPPER_ROOT;9967;9;9964;17;;;9969;7;9978;9;;;9968.0;0.0
-2;55300;ASH_COATED_OSMIUM;9999;10;9997;29;;;10015;10;10018;29;;;10007.0;0.0
-2;55400;INTARIAN_PEPPER_ROOT;9967;11;9964;20;;;9978;11;9980;20;;;9972.4;0.0
-2;55400;ASH_COATED_OSMIUM;9999;15;9997;27;;;10015;15;10018;27;;;10007.0;0.0
-2;55500;ASH_COATED_OSMIUM;9998;12;9996;29;;;10014;12;10017;29;;;10006.0;0.0
-2;55500;INTARIAN_PEPPER_ROOT;9967;12;9964;17;;;;;;;;;9966.7;0.0
-2;55600;ASH_COATED_OSMIUM;9998;13;9996;29;;;10014;13;10017;29;;;10006.0;0.0
-2;55600;INTARIAN_PEPPER_ROOT;9967;10;;;;;9978;10;9981;22;;;9972.1;0.0
-2;55700;INTARIAN_PEPPER_ROOT;9966;11;;;;;9977;11;9980;16;;;9971.9;0.0
-2;55700;ASH_COATED_OSMIUM;;;;;;;;;;;;;0.0;0.0
-2;55800;INTARIAN_PEPPER_ROOT;9966;9;9964;19;;;9977;9;9980;19;;;9971.8;0.0
-2;55800;ASH_COATED_OSMIUM;9995;20;;;;;;;;;;;9995.0;0.0
-2;55900;INTARIAN_PEPPER_ROOT;9966;12;9964;20;;;9977;12;9980;20;;;9971.6;0.0
-2;55900;ASH_COATED_OSMIUM;9995;26;;;;;10013;14;10016;26;;;10004.0;0.0
-2;56000;ASH_COATED_OSMIUM;9997;15;9994;29;;;10013;15;10015;29;;;10005.0;0.0
-2;56000;INTARIAN_PEPPER_ROOT;9966;8;9964;19;;;9978;8;9980;19;;;9972.0;0.0
-2;56100;INTARIAN_PEPPER_ROOT;9967;9;;;;;9978;9;9980;15;;;9972.3;0.0
-2;56100;ASH_COATED_OSMIUM;9997;15;9995;22;;;10013;15;10016;22;;;10005.0;0.0
-2;56200;INTARIAN_PEPPER_ROOT;9964;25;;;;;;;;;;;9963.7;0.0
-2;56200;ASH_COATED_OSMIUM;9997;12;9995;23;;;;;;;;;9997.0;0.0
-2;56300;INTARIAN_PEPPER_ROOT;9967;11;9964;22;;;9978;11;9980;22;;;9972.0;0.0
-2;56300;ASH_COATED_OSMIUM;9995;29;;;;;10014;11;10016;29;;;10004.5;0.0
-2;56400;ASH_COATED_OSMIUM;9997;12;;;;;10013;12;10016;24;;;10005.0;0.0
-2;56400;INTARIAN_PEPPER_ROOT;9966;8;;;;;9977;8;9979;20;;;9971.9;0.0
-2;56500;INTARIAN_PEPPER_ROOT;9966;11;9963;19;;;9977;11;9980;19;;;9971.7;0.0
-2;56500;ASH_COATED_OSMIUM;10002;4;9994;20;;;10013;10;10015;20;;;10007.5;0.0
-2;56600;INTARIAN_PEPPER_ROOT;9964;20;;;;;9977;11;9980;20;;;9970.6;0.0
-2;56600;ASH_COATED_OSMIUM;9997;11;9994;26;;;10013;11;10015;26;;;10005.0;0.0
-2;56700;INTARIAN_PEPPER_ROOT;9966;9;9964;19;;;;;;;;;9965.9;0.0
-2;56700;ASH_COATED_OSMIUM;9997;13;;;;;10015;20;;;;;10006.0;0.0
-2;56800;ASH_COATED_OSMIUM;9997;13;;;;;10013;13;10016;23;;;10005.0;0.0
-2;56800;INTARIAN_PEPPER_ROOT;9966;12;9964;24;;;9977;12;9980;24;;;9971.3;0.0
-2;56900;INTARIAN_PEPPER_ROOT;9966;11;9964;19;;;9977;11;9980;19;;;9971.1;0.0
-2;56900;ASH_COATED_OSMIUM;9997;12;9995;20;;;10016;20;;;;;10006.5;0.0
-2;57000;INTARIAN_PEPPER_ROOT;9965;9;;;;;9977;9;9979;16;;;9971.5;0.0
-2;57000;ASH_COATED_OSMIUM;9998;15;9995;30;;;10014;15;10016;30;;;10006.0;0.0
-2;57100;ASH_COATED_OSMIUM;9997;14;9995;24;;;10013;14;10016;24;;;10005.0;0.0
-2;57100;INTARIAN_PEPPER_ROOT;9966;9;9963;25;;;9977;9;9979;25;;;9971.8;0.0
-2;57200;ASH_COATED_OSMIUM;9995;24;;;;;10014;10;10016;24;;;10004.5;0.0
-2;57200;INTARIAN_PEPPER_ROOT;9974;8;9966;8;9963;23;9977;8;9979;23;;;9975.7;0.0
-2;57300;ASH_COATED_OSMIUM;9998;12;9995;21;;;10014;12;10016;21;;;10006.0;0.0
-2;57300;INTARIAN_PEPPER_ROOT;9966;12;9963;17;;;9977;12;9979;17;;;9971.5;0.0
-2;57400;INTARIAN_PEPPER_ROOT;9963;24;;;;;9977;8;9979;24;;;9969.9;0.0
-2;57400;ASH_COATED_OSMIUM;9998;15;9995;23;;;10014;15;10016;23;;;10006.0;0.0
-2;57500;ASH_COATED_OSMIUM;9998;13;9995;23;;;10016;23;;;;;10007.0;0.0
-2;57500;INTARIAN_PEPPER_ROOT;9966;9;9963;15;;;9977;9;;;;;9971.2;0.0
-2;57600;ASH_COATED_OSMIUM;9998;13;9996;30;;;10014;13;;;;;10006.0;0.0
-2;57600;INTARIAN_PEPPER_ROOT;9964;18;;;;;9977;9;;;;;9970.1;0.0
-2;57700;ASH_COATED_OSMIUM;9998;14;9995;25;;;10014;14;;;;;10006.0;0.0
-2;57700;INTARIAN_PEPPER_ROOT;9965;9;9963;17;;;9979;17;;;;;9972.4;0.0
-2;57800;INTARIAN_PEPPER_ROOT;9963;22;;;;;9976;11;9979;22;;;9969.8;0.0
-2;57800;ASH_COATED_OSMIUM;9997;15;9995;29;;;10013;15;10016;29;;;10005.0;0.0
-2;57900;INTARIAN_PEPPER_ROOT;9963;21;;;;;9979;21;;;;;9971.1;0.0
-2;57900;ASH_COATED_OSMIUM;9997;15;9995;28;;;10013;15;;;;;10005.0;0.0
-2;58000;ASH_COATED_OSMIUM;9997;10;9995;22;;;10013;10;;;;;10005.0;0.0
-2;58000;INTARIAN_PEPPER_ROOT;9965;12;;;;;9977;12;9979;15;;;9971.0;0.0
-2;58100;INTARIAN_PEPPER_ROOT;9966;12;9963;22;;;9977;12;9979;22;;;9971.3;0.0
-2;58100;ASH_COATED_OSMIUM;9995;27;;;;;10013;11;10016;27;;;10004.0;0.0
-2;58200;INTARIAN_PEPPER_ROOT;9966;9;9963;22;;;9977;9;9979;22;;;9971.2;0.0
-2;58200;ASH_COATED_OSMIUM;9997;12;9995;25;;;;;;;;;9997.0;0.0
-2;58300;ASH_COATED_OSMIUM;9997;10;;;;;10006;4;10013;10;10015;22;10001.5;0.0
-2;58300;INTARIAN_PEPPER_ROOT;;;;;;;9977;11;9979;19;;;9976.5;0.0
-2;58400;ASH_COATED_OSMIUM;9997;14;9994;28;;;10013;14;10015;28;;;10005.0;0.0
-2;58400;INTARIAN_PEPPER_ROOT;9965;9;;;;;;;;;;;9965.4;0.0
-2;58500;ASH_COATED_OSMIUM;9994;21;;;;;10006;3;10012;12;;;10000.0;0.0
-2;58500;INTARIAN_PEPPER_ROOT;9962;24;;;;;9979;24;;;;;9970.7;0.0
-2;58600;INTARIAN_PEPPER_ROOT;9965;9;9963;16;;;9976;9;9979;16;;;9970.6;0.0
-2;58600;ASH_COATED_OSMIUM;9996;11;9994;29;;;10015;29;;;;;10005.5;0.0
-2;58700;ASH_COATED_OSMIUM;;;;;;;10013;15;10015;28;;;10013.0;0.0
-2;58700;INTARIAN_PEPPER_ROOT;9965;12;9963;15;;;9976;12;9979;15;;;9970.4;0.0
-2;58800;ASH_COATED_OSMIUM;9997;14;;;;;10013;14;10016;21;;;10005.0;0.0
-2;58800;INTARIAN_PEPPER_ROOT;9965;9;;;;;9976;9;9979;19;;;9970.3;0.0
-2;58900;INTARIAN_PEPPER_ROOT;9965;10;9963;15;;;9976;10;9979;15;;;9970.1;0.0
-2;58900;ASH_COATED_OSMIUM;;;;;;;10016;25;;;;;10016.0;0.0
-2;59000;INTARIAN_PEPPER_ROOT;9964;11;9962;17;;;9976;11;;;;;9970.5;0.0
-2;59000;ASH_COATED_OSMIUM;9998;15;9995;22;;;10014;15;10016;22;;;10006.0;0.0
-2;59100;INTARIAN_PEPPER_ROOT;9962;22;;;;;;;;;;;9962.3;0.0
-2;59100;ASH_COATED_OSMIUM;9998;12;9995;26;;;10014;12;;;;;10006.0;0.0
-2;59200;ASH_COATED_OSMIUM;9997;10;9995;24;;;10013;10;10016;24;;;10005.0;0.0
-2;59200;INTARIAN_PEPPER_ROOT;9968;5;9962;18;;;9978;18;;;;;9973.2;0.0
-2;59300;INTARIAN_PEPPER_ROOT;9965;8;;;;;9976;8;9978;19;;;9970.5;0.0
-2;59300;ASH_COATED_OSMIUM;9997;14;9994;23;;;10013;14;10015;23;;;10005.0;0.0
-2;59400;INTARIAN_PEPPER_ROOT;9965;11;9962;25;;;9976;11;9978;25;;;9970.4;0.0
-2;59400;ASH_COATED_OSMIUM;9994;27;;;;;10013;11;10015;27;;;10003.5;0.0
-2;59500;INTARIAN_PEPPER_ROOT;9962;24;;;;;9976;9;9979;24;;;9968.7;0.0
-2;59500;ASH_COATED_OSMIUM;9997;14;;;;;10013;14;10015;26;;;10005.0;0.0
-2;59600;ASH_COATED_OSMIUM;9996;15;9993;27;;;10012;15;10015;27;;;10004.0;0.0
-2;59600;INTARIAN_PEPPER_ROOT;9965;9;9963;21;;;9976;9;9979;21;;;9970.1;0.0
-2;59700;INTARIAN_PEPPER_ROOT;9964;12;9962;16;;;9978;16;;;;;9971.4;0.0
-2;59700;ASH_COATED_OSMIUM;9996;15;;;;;10012;15;10014;20;;;10004.0;0.0
-2;59800;INTARIAN_PEPPER_ROOT;9964;12;9962;21;;;9975;12;9978;21;;;9969.8;0.0
-2;59800;ASH_COATED_OSMIUM;9993;22;;;;;10012;12;10014;22;;;10002.5;0.0
-2;59900;INTARIAN_PEPPER_ROOT;9964;10;9962;22;;;9975;10;9978;22;;;9969.6;0.0
-2;59900;ASH_COATED_OSMIUM;9996;12;9993;22;;;10012;12;10014;22;;;10004.0;0.0
-2;60000;ASH_COATED_OSMIUM;9993;26;;;;;10011;13;10014;26;;;10002.0;0.0
-2;60000;INTARIAN_PEPPER_ROOT;9962;21;;;;;9976;9;9978;21;;;9969.0;0.0
-2;60100;ASH_COATED_OSMIUM;9995;14;;;;;10011;14;10014;23;;;10003.0;0.0
-2;60100;INTARIAN_PEPPER_ROOT;9962;20;;;;;9978;20;;;;;9969.8;0.0
-2;60200;INTARIAN_PEPPER_ROOT;9965;8;9962;19;;;;;;;;;9964.7;0.0
-2;60200;ASH_COATED_OSMIUM;9995;15;9993;23;;;10011;15;10014;23;;;10003.0;0.0
-2;60300;ASH_COATED_OSMIUM;9996;12;9993;26;;;10014;26;;;;;10005.0;0.0
-2;60300;INTARIAN_PEPPER_ROOT;9962;25;;;;;9978;25;;;;;9969.5;0.0
-2;60400;ASH_COATED_OSMIUM;9996;13;9993;20;;;10012;13;;;;;10004.0;0.0
-2;60400;INTARIAN_PEPPER_ROOT;9964;10;9961;23;;;9975;10;9977;23;;;9969.9;0.0
-2;60500;ASH_COATED_OSMIUM;9995;10;;;;;10011;10;10014;29;;;10003.0;0.0
-2;60500;INTARIAN_PEPPER_ROOT;9964;9;;;;;9975;9;;;;;9969.7;0.0
-2;60600;INTARIAN_PEPPER_ROOT;9964;10;9962;25;;;9975;10;9978;25;;;9969.6;0.0
-2;60600;ASH_COATED_OSMIUM;9995;11;9993;26;;;10011;11;10014;26;;;10003.0;0.0
-2;60700;ASH_COATED_OSMIUM;9995;13;;;;;10011;13;10014;26;;;10003.0;0.0
-2;60700;INTARIAN_PEPPER_ROOT;9964;10;9962;17;;;9975;10;9978;17;;;9969.4;0.0
-2;60800;ASH_COATED_OSMIUM;9995;14;9993;20;;;10011;14;;;;;10003.0;0.0
-2;60800;INTARIAN_PEPPER_ROOT;9964;10;;;;;9975;10;9978;25;;;9969.3;0.0
-2;60900;ASH_COATED_OSMIUM;9993;21;;;;;10011;11;;;;;10002.0;0.0
-2;60900;INTARIAN_PEPPER_ROOT;9964;9;9962;15;;;9975;9;9978;15;;;9969.1;0.0
-2;61000;INTARIAN_PEPPER_ROOT;9963;9;9961;19;;;9975;9;9977;19;;;9969.5;0.0
-2;61000;ASH_COATED_OSMIUM;9995;15;;;;;;;;;;;9995.0;0.0
-2;61100;ASH_COATED_OSMIUM;9995;10;9993;29;;;10014;29;;;;;10004.5;0.0
-2;61100;INTARIAN_PEPPER_ROOT;9961;16;;;;;9977;16;;;;;9969.3;0.0
-2;61200;ASH_COATED_OSMIUM;9995;10;9992;29;;;10011;10;10013;29;;;10003.0;0.0
-2;61200;INTARIAN_PEPPER_ROOT;;;;;;;9975;9;9977;23;;;9975.2;0.0
-2;61300;ASH_COATED_OSMIUM;9994;11;9992;25;;;10010;11;10013;25;;;10002.0;0.0
-2;61300;INTARIAN_PEPPER_ROOT;9964;8;9961;20;;;9975;8;9977;20;;;9969.5;0.0
-2;61400;INTARIAN_PEPPER_ROOT;9964;8;9961;15;;;9977;15;;;;;9970.4;0.0
-2;61400;ASH_COATED_OSMIUM;9995;13;9992;29;;;10011;13;10013;29;;;10003.0;0.0
-2;61500;INTARIAN_PEPPER_ROOT;;;;;;;9975;9;9978;16;;;9974.7;0.0
-2;61500;ASH_COATED_OSMIUM;9995;15;9992;21;;;;;;;;;9995.0;0.0
-2;61600;ASH_COATED_OSMIUM;9995;14;9992;27;;;10011;14;10013;27;;;10003.0;0.0
-2;61600;INTARIAN_PEPPER_ROOT;9964;10;9962;20;;;9975;10;;;;;9969.1;0.0
-2;61700;ASH_COATED_OSMIUM;;;;;;;10010;15;10013;30;;;10010.0;0.0
-2;61700;INTARIAN_PEPPER_ROOT;9971;5;9963;9;9961;23;9974;9;9977;23;;;9972.9;0.0
-2;61800;ASH_COATED_OSMIUM;9994;10;9991;25;;;10010;10;;;;;10002.0;0.0
-2;61800;INTARIAN_PEPPER_ROOT;9963;12;9961;15;;;9974;12;9977;15;;;9968.8;0.0
-2;61900;INTARIAN_PEPPER_ROOT;9961;15;;;;;9974;10;9977;15;;;9967.6;0.0
-2;61900;ASH_COATED_OSMIUM;9994;14;9992;20;;;10010;14;10013;20;;;10002.0;0.0
-2;62000;ASH_COATED_OSMIUM;9991;20;;;;;10010;11;10012;20;;;10000.5;0.0
-2;62000;INTARIAN_PEPPER_ROOT;9963;10;9961;25;;;9975;10;9977;25;;;9969.0;0.0
-2;62100;ASH_COATED_OSMIUM;;;;;;;10012;22;;;;;10012.0;0.0
-2;62100;INTARIAN_PEPPER_ROOT;9964;9;;;;;9975;9;9977;21;;;9969.3;0.0
-2;62200;INTARIAN_PEPPER_ROOT;9964;10;9961;25;;;9975;10;9977;25;;;9969.2;0.0
-2;62200;ASH_COATED_OSMIUM;9993;15;9990;27;;;10009;15;;;;;10001.0;0.0
-2;62300;INTARIAN_PEPPER_ROOT;9964;12;9961;19;;;9975;12;9977;19;;;9969.0;0.0
-2;62300;ASH_COATED_OSMIUM;9993;11;;;;;10009;11;10012;24;;;10001.0;0.0
-2;62400;INTARIAN_PEPPER_ROOT;9963;10;9960;20;;;9976;20;;;;;9969.9;0.0
-2;62400;ASH_COATED_OSMIUM;9999;4;9993;13;9991;24;10009;13;10012;24;;;10004.0;0.0
-2;62500;ASH_COATED_OSMIUM;9994;12;9991;26;;;10010;12;;;;;10002.0;0.0
-2;62500;INTARIAN_PEPPER_ROOT;9963;11;9960;18;;;9974;11;9977;18;;;9968.7;0.0
-2;62600;ASH_COATED_OSMIUM;;;;;;;10012;27;;;;;10012.0;0.0
-2;62600;INTARIAN_PEPPER_ROOT;9963;8;9961;16;;;9977;16;;;;;9970.1;0.0
-2;62700;INTARIAN_PEPPER_ROOT;9963;12;9961;17;;;9977;17;;;;;9969.9;0.0
-2;62700;ASH_COATED_OSMIUM;9994;12;9991;23;;;9999;7;10010;12;10012;23;9996.5;0.0
-2;62800;ASH_COATED_OSMIUM;9994;11;;;;;10010;11;10012;22;;;10002.0;0.0
-2;62800;INTARIAN_PEPPER_ROOT;9961;23;;;;;9974;11;9977;23;;;9967.3;0.0
-2;62900;ASH_COATED_OSMIUM;9994;11;9991;28;;;10012;28;;;;;10003.0;0.0
-2;62900;INTARIAN_PEPPER_ROOT;9963;8;;;;;9974;8;;;;;9968.1;0.0
-2;63000;ASH_COATED_OSMIUM;9991;22;;;;;10009;15;10012;22;;;10000.0;0.0
-2;63000;INTARIAN_PEPPER_ROOT;9962;8;9960;23;;;9974;8;9976;23;;;9968.5;0.0
-2;63100;INTARIAN_PEPPER_ROOT;9960;17;;;;;9974;11;9976;17;;;9967.3;0.0
-2;63100;ASH_COATED_OSMIUM;9994;13;9991;24;;;;;;;;;9994.0;0.0
-2;63200;ASH_COATED_OSMIUM;9993;14;9991;26;;;10003;3;10009;14;;;9998.0;0.0
-2;63200;INTARIAN_PEPPER_ROOT;9963;10;;;;;9974;10;9976;25;;;9968.7;0.0
-2;63300;ASH_COATED_OSMIUM;9994;15;9991;23;;;;;;;;;9994.0;0.0
-2;63300;INTARIAN_PEPPER_ROOT;9963;12;;;;;9976;17;;;;;9969.5;0.0
-2;63400;INTARIAN_PEPPER_ROOT;9963;9;9960;25;;;9974;9;;;;;9968.4;0.0
-2;63400;ASH_COATED_OSMIUM;9994;12;9991;21;;;10012;21;;;;;10003.0;0.0
-2;63500;INTARIAN_PEPPER_ROOT;9963;10;9960;24;;;9977;24;;;;;9969.7;0.0
-2;63500;ASH_COATED_OSMIUM;9991;22;;;;;10003;4;10012;22;;;9997.0;0.0
-2;63600;INTARIAN_PEPPER_ROOT;9963;11;9961;19;;;9974;11;9977;19;;;9968.1;0.0
-2;63600;ASH_COATED_OSMIUM;9994;13;9992;20;;;10013;20;;;;;10003.5;0.0
-2;63700;ASH_COATED_OSMIUM;;;;;;;10010;11;10013;30;;;10010.0;0.0
-2;63700;INTARIAN_PEPPER_ROOT;9962;11;9960;18;;;9973;11;;;;;9967.9;0.0
-2;63800;INTARIAN_PEPPER_ROOT;9960;19;;;;;9973;9;9976;19;;;9966.8;0.0
-2;63800;ASH_COATED_OSMIUM;9994;13;9992;20;;;10013;20;;;;;10003.5;0.0
-2;63900;INTARIAN_PEPPER_ROOT;9962;9;;;;;9973;9;9976;19;;;9967.6;0.0
-2;63900;ASH_COATED_OSMIUM;9994;14;9991;25;;;10010;14;;;;;10002.0;0.0
-2;64000;INTARIAN_PEPPER_ROOT;9960;19;;;;;9974;9;9976;19;;;9967.0;0.0
-2;64000;ASH_COATED_OSMIUM;9993;14;9991;28;;;10009;14;10012;28;;;10001.0;0.0
-2;64100;ASH_COATED_OSMIUM;9993;10;;;;;10009;10;10012;30;;;10001.0;0.0
-2;64100;INTARIAN_PEPPER_ROOT;9963;12;9960;19;;;9974;12;9976;19;;;9968.3;0.0
-2;64200;INTARIAN_PEPPER_ROOT;9960;17;;;;;9976;17;;;;;9967.7;0.0
-2;64200;ASH_COATED_OSMIUM;9993;14;9991;22;;;10003;5;10009;14;10012;22;9998.0;0.0
-2;64300;INTARIAN_PEPPER_ROOT;9963;11;9960;15;;;9965;5;9976;15;;;9963.5;0.0
-2;64300;ASH_COATED_OSMIUM;9993;10;9991;28;;;10009;10;10012;28;;;10001.0;0.0
-2;64400;INTARIAN_PEPPER_ROOT;9962;8;9959;16;;;9973;8;9975;16;;;9967.9;0.0
-2;64400;ASH_COATED_OSMIUM;9993;14;9991;24;;;10009;14;10012;24;;;10001.0;0.0
-2;64500;INTARIAN_PEPPER_ROOT;9962;9;9959;16;;;9973;9;9976;16;;;9967.7;0.0
-2;64500;ASH_COATED_OSMIUM;9993;11;9990;26;;;10011;26;;;;;10002.0;0.0
-2;64600;ASH_COATED_OSMIUM;9993;14;;;;;10009;14;10011;23;;;10001.0;0.0
-2;64600;INTARIAN_PEPPER_ROOT;9962;8;;;;;9973;8;9976;25;;;9967.6;0.0
-2;64700;INTARIAN_PEPPER_ROOT;9962;12;9960;24;;;9973;12;9976;24;;;9967.4;0.0
-2;64700;ASH_COATED_OSMIUM;9993;14;9990;28;;;10009;14;;;;;10001.0;0.0
-2;64800;INTARIAN_PEPPER_ROOT;9962;12;9960;23;;;9976;23;;;;;9968.8;0.0
-2;64800;ASH_COATED_OSMIUM;9993;10;9990;25;;;10009;10;;;;;10001.0;0.0
-2;64900;INTARIAN_PEPPER_ROOT;9962;10;9960;22;;;9973;10;;;;;9967.1;0.0
-2;64900;ASH_COATED_OSMIUM;9992;10;9990;29;;;10008;10;;;;;10000.0;0.0
-2;65000;ASH_COATED_OSMIUM;9992;14;;;;;10008;14;10010;21;;;10000.0;0.0
-2;65000;INTARIAN_PEPPER_ROOT;9959;23;;;;;9975;23;;;;;9967.5;0.0
-2;65100;INTARIAN_PEPPER_ROOT;9962;9;9959;19;;;9973;9;9975;19;;;9967.8;0.0
-2;65100;ASH_COATED_OSMIUM;9997;4;9992;15;9989;26;10008;15;10010;26;;;10002.5;0.0
-2;65200;INTARIAN_PEPPER_ROOT;9962;10;;;;;9975;21;;;;;9968.7;0.0
-2;65200;ASH_COATED_OSMIUM;9991;12;9989;29;;;10007;12;10010;29;;;9999.0;0.0
-2;65300;INTARIAN_PEPPER_ROOT;9962;11;9959;23;;;9975;23;;;;;9968.5;0.0
-2;65300;ASH_COATED_OSMIUM;9988;22;;;;;10007;13;10009;22;;;9997.5;0.0
-2;65400;ASH_COATED_OSMIUM;9990;10;9988;20;;;10006;10;10009;20;;;9998.0;0.0
-2;65400;INTARIAN_PEPPER_ROOT;9962;12;9959;20;;;9975;20;;;;;9968.4;0.0
-2;65500;INTARIAN_PEPPER_ROOT;9962;9;;;;;9973;9;9976;23;;;9967.2;0.0
-2;65500;ASH_COATED_OSMIUM;9990;12;9988;21;;;10006;12;;;;;9998.0;0.0
-2;65600;INTARIAN_PEPPER_ROOT;9960;16;;;;;9973;10;9976;16;;;9966.1;0.0
-2;65600;ASH_COATED_OSMIUM;9990;15;9988;30;;;10006;15;10009;30;;;9998.0;0.0
-2;65700;INTARIAN_PEPPER_ROOT;9961;9;9959;24;;;9972;9;9975;24;;;9966.9;0.0
-2;65700;ASH_COATED_OSMIUM;9991;12;9988;26;;;10009;26;;;;;10000.0;0.0
-2;65800;ASH_COATED_OSMIUM;9990;14;9988;28;;;10006;14;10009;28;;;9998.0;0.0
-2;65800;INTARIAN_PEPPER_ROOT;9961;9;9959;21;;;9975;21;;;;;9968.3;0.0
-2;65900;ASH_COATED_OSMIUM;9990;11;;;;;10006;11;10009;25;;;9998.0;0.0
-2;65900;INTARIAN_PEPPER_ROOT;9961;11;9959;18;;;9972;11;;;;;9966.6;0.0
-2;66000;INTARIAN_PEPPER_ROOT;9959;24;;;;;9973;11;;;;;9966.0;0.0
-2;66000;ASH_COATED_OSMIUM;9990;15;9988;27;;;10006;15;;;;;9998.0;0.0
-2;66100;ASH_COATED_OSMIUM;9990;14;9988;24;;;10009;24;;;;;9999.5;0.0
-2;66100;INTARIAN_PEPPER_ROOT;9962;10;;;;;9973;10;9975;19;;;9967.3;0.0
-2;66200;ASH_COATED_OSMIUM;9987;24;;;;;10008;24;;;;;9997.5;0.0
-2;66200;INTARIAN_PEPPER_ROOT;9962;12;;;;;9975;20;;;;;9968.2;0.0
-2;66300;ASH_COATED_OSMIUM;9990;12;9987;26;;;10006;12;10008;26;;;9998.0;0.0
-2;66300;INTARIAN_PEPPER_ROOT;9962;9;9959;20;;;9973;9;9975;20;;;9967.0;0.0
-2;66400;INTARIAN_PEPPER_ROOT;9961;12;9958;15;;;9972;12;9974;15;;;9966.9;0.0
-2;66400;ASH_COATED_OSMIUM;9990;11;9987;25;;;10006;11;10008;25;;;9998.0;0.0
-2;66500;ASH_COATED_OSMIUM;9990;12;9987;24;;;10006;12;10008;24;;;9998.0;0.0
-2;66500;INTARIAN_PEPPER_ROOT;9961;8;9958;23;;;9975;23;;;;;9968.2;0.0
-2;66600;ASH_COATED_OSMIUM;9990;12;9987;30;;;10006;12;10008;30;;;9998.0;0.0
-2;66600;INTARIAN_PEPPER_ROOT;9961;9;;;;;9972;9;9975;15;;;9966.6;0.0
-2;66700;INTARIAN_PEPPER_ROOT;9959;23;;;;;;;;;;;9958.9;0.0
-2;66700;ASH_COATED_OSMIUM;9990;14;9987;21;;;10006;14;10008;21;;;9998.0;0.0
-2;66800;INTARIAN_PEPPER_ROOT;9961;12;9959;19;;;9972;12;9975;19;;;9966.3;0.0
-2;66800;ASH_COATED_OSMIUM;9990;15;9987;28;;;9999;4;10008;28;;;9994.5;0.0
-2;66900;INTARIAN_PEPPER_ROOT;9961;9;9959;19;;;9975;19;;;;;9967.6;0.0
-2;66900;ASH_COATED_OSMIUM;9990;13;;;;;10006;13;10008;29;;;9998.0;0.0
-2;67000;ASH_COATED_OSMIUM;9986;21;;;;;10005;12;;;;;9995.5;0.0
-2;67000;INTARIAN_PEPPER_ROOT;9958;20;;;;;9972;8;9974;20;;;9965.5;0.0
-2;67100;ASH_COATED_OSMIUM;9989;12;9987;29;;;10005;12;10008;29;;;9997.0;0.0
-2;67100;INTARIAN_PEPPER_ROOT;9961;11;9958;24;;;9972;11;9974;24;;;9966.8;0.0
-2;67200;INTARIAN_PEPPER_ROOT;9961;8;9958;21;;;9972;8;9974;21;;;9966.7;0.0
-2;67200;ASH_COATED_OSMIUM;9989;12;9986;23;;;10005;12;;;;;9997.0;0.0
-2;67300;ASH_COATED_OSMIUM;9989;10;9986;26;;;10005;10;10007;26;;;9997.0;0.0
-2;67300;INTARIAN_PEPPER_ROOT;9958;25;;;;;9974;25;;;;;9966.0;0.0
-2;67400;ASH_COATED_OSMIUM;9989;12;9987;26;;;10005;12;10008;26;;;9997.0;0.0
-2;67400;INTARIAN_PEPPER_ROOT;9961;9;9958;20;;;9963;4;9972;9;;;9961.9;0.0
-2;67500;ASH_COATED_OSMIUM;9987;27;;;;;10005;12;;;;;9996.0;0.0
-2;67500;INTARIAN_PEPPER_ROOT;9961;8;9958;17;;;9972;8;9975;17;;;9966.2;0.0
-2;67600;INTARIAN_PEPPER_ROOT;9961;11;9959;15;;;9972;11;9975;15;;;9966.1;0.0
-2;67600;ASH_COATED_OSMIUM;9987;30;;;;;10006;12;10008;30;;;9996.5;0.0
-2;67700;ASH_COATED_OSMIUM;9987;29;;;;;9999;2;10005;15;10008;29;9993.0;0.0
-2;67700;INTARIAN_PEPPER_ROOT;9958;22;;;;;9971;11;9974;22;;;9964.9;0.0
-2;67800;ASH_COATED_OSMIUM;9989;11;;;;;10005;11;10007;21;;;9997.0;0.0
-2;67800;INTARIAN_PEPPER_ROOT;9960;9;;;;;9971;9;;;;;9965.8;0.0
-2;67900;INTARIAN_PEPPER_ROOT;9960;8;9958;20;;;9971;8;9974;20;;;9965.6;0.0
-2;67900;ASH_COATED_OSMIUM;9989;11;9986;30;;;10005;11;10007;30;;;9997.0;0.0
-2;68000;INTARIAN_PEPPER_ROOT;9960;8;9958;23;;;9972;8;9974;23;;;9966.0;0.0
-2;68000;ASH_COATED_OSMIUM;9989;15;9987;25;;;10005;15;10008;25;;;9997.0;0.0
-2;68100;INTARIAN_PEPPER_ROOT;9961;10;;;;;9972;10;9974;17;;;9966.3;0.0
-2;68100;ASH_COATED_OSMIUM;9989;10;9987;28;;;10005;10;10008;28;;;9997.0;0.0
-2;68200;ASH_COATED_OSMIUM;9989;10;9986;20;;;10005;10;10007;20;;;9997.0;0.0
-2;68200;INTARIAN_PEPPER_ROOT;9961;9;9958;22;;;9974;22;;;;;9967.2;0.0
-2;68300;INTARIAN_PEPPER_ROOT;9961;12;9958;16;;;9972;12;9974;16;;;9966.0;0.0
-2;68300;ASH_COATED_OSMIUM;9987;20;;;;;10005;11;10008;20;;;9996.0;0.0
-2;68400;INTARIAN_PEPPER_ROOT;9960;11;9957;23;;;9971;11;9973;23;;;9965.9;0.0
-2;68400;ASH_COATED_OSMIUM;9987;25;;;;;10005;12;10008;25;;;9996.0;0.0
-2;68500;INTARIAN_PEPPER_ROOT;9960;11;9957;25;;;9971;11;9974;25;;;9965.7;0.0
-2;68500;ASH_COATED_OSMIUM;9989;15;9986;23;;;10005;15;10007;23;;;9997.0;0.0
